ISA*00*          *00*          *ZZ*BCBS1          *ZZ*1000020102     *260213*2334*^*00501*000120101*0*P*:~
GS*HP*BCBS1*1000020102*20260213*2334*120102*X*005010X221A1~
ST*835*120103*005010X221A1~
BPR*I*0.00*C*ACH*CCP*01*071000013*DA*3456789012*BCBS1**01*091000019*DA*3456789012*20260213~
TRN*1*T000000120100*1186526867~
DTM*405*20260213~
N1*PR*Blue Cross Blue Shield~
N3*5918 College Ave~
N4*San Antonio*TX*78201~
REF*2U*BCBS1~
N1*PE*Scott Angela*XX*1000020102~
N3*8395 Spring Ln~
N4*New York*NY*10001~
REF*TJ*283708309~
CLP*CLM1200100*4*75.00*0.00*0.00*13*PCN460753995*11*1~
CAS*CO*197*75.00*1~
NM1*QC*1*Taylor*Michael****MI*INS34278940~
NM1*82*1*Scott*Angela****XX*1000020102~
DTM*232*20250920~
DTM*233*20250921~
SVC*HC:99281:RT*75.00*0.00**1~
DTM*472*20250920~
CAS*CO*197*75.00*1~
REF*6R*LNCLM120010000~
AMT*B6*0.00~
LQ*HE*M15~
CLP*CLM1200101*4*418.00*0.00*0.00*13*PCN953229346*11*1~
CAS*CO*197*418.00*1~
NM1*QC*1*Gonzalez*Elizabeth****MI*PLN65079754~
NM1*82*1*Scott*Angela****XX*1000020102~
DTM*232*20251128~
DTM*233*20251129~
SVC*HC:87880*18.00*0.00**1~
DTM*472*20251128~
CAS*CO*197*18.00*1~
REF*6R*LNCLM120010100~
AMT*B6*0.00~
LQ*HE*N95~
SVC*HC:99204:TC*400.00*0.00**2~
DTM*472*20251128~
CAS*CO*197*400.00*2~
REF*6R*LNCLM120010101~
AMT*B6*0.00~
LQ*HE*N362~
SE*43*120103~
GE*1*120102~
IEA*1*000120101~