ISA*00*          *00*          *ZZ*62308          *ZZ*1000020002     *251225*2334*^*00501*000120001*0*P*:~
GS*HP*62308*1000020002*20251225*2334*120002*X*005010X221A1~
ST*835*120003*005010X221A1~
BPR*I*0.00*C*ACH*CCP*01*071000013*DA*3456789012*62308**01*111000025*DA*1234567890*20251225~
TRN*1*T000000120000*1408836705~
DTM*405*20251225~
N1*PR*Cigna~
N3*8304 Park Dr~
N4*Jacksonville*FL*32099~
REF*2U*62308~
N1*PE*Nguyen Michael*XX*1000020002~
N3*5780 Lake Rd~
N4*Austin*TX*73301~
REF*TJ*707427386~
CLP*CLM1200000*4*345.00*0.00*0.00*12*PCN611159553*11*1~
CAS*CO*16*345.00*1~
NM1*QC*1*White*Stephanie****MI*GRP95839787~
NM1*82*1*Nguyen*Michael****XX*1000020002~
DTM*232*20251209~
DTM*233*20251210~
SVC*HC:99204*200.00*0.00**1~
DTM*472*20251209~
CAS*CO*16*200.00*1~
REF*6R*LNCLM120000000~
AMT*B6*0.00~
LQ*HE*N362~
SVC*HC:99214:TC*145.00*0.00**1~
DTM*472*20251209~
CAS*CO*16*145.00*1~
REF*6R*LNCLM120000001~
AMT*B6*0.00~
LQ*HE*N362~
CLP*CLM1200001*4*445.00*0.00*0.00*12*PCN415290791*11*1~
CAS*CO*16*445.00*1~
NM1*QC*1*Allen*Barbara****MI*MEM97553848~
NM1*82*1*Nguyen*Michael****XX*1000020002~
DTM*232*20250830~
DTM*233*20250830~
SVC*HC:36415:51*10.00*0.00**1~
DTM*472*20250830~
CAS*CO*16*10.00*1~
REF*6R*LNCLM120000100~
AMT*B6*0.00~
LQ*HE*N95~
SVC*HC:99214*435.00*0.00**3~
DTM*472*20250830~
CAS*CO*16*435.00*3~
REF*6R*LNCLM120000101~
AMT*B6*0.00~
LQ*HE*N95~
CLP*CLM1200002*4*45.00*0.00*0.00*12*PCN288748741*11*1~
CAS*CO*16*45.00*1~
NM1*QC*1*Jones*Susan****MI*INS51737424~
NM1*82*1*Nguyen*Michael****XX*1000020002~
DTM*232*20251201~
DTM*233*20251201~
SVC*HC:71046:TC*45.00*0.00**1~
DTM*472*20251201~
CAS*CO*16*45.00*1~
REF*6R*LNCLM120000200~
AMT*B6*0.00~
LQ*HE*N362~
PLB*538953298*20251231*FB*-473.28~
SE*62*120003~
GE*1*120002~
IEA*1*000120001~