ISA*00*          *00*          *ZZ*ANTM1          *ZZ*1000020802     *260121*2334*^*00501*000120801*0*P*:~
GS*HP*ANTM1*1000020802*20260121*2334*120802*X*005010X221A1~
ST*835*120803*005010X221A1~
BPR*I*0.00*C*ACH*CCP*01*021202337*DA*1234567890*ANTM1**01*122000247*DA*8901234567*20260121~
TRN*1*T000000120800*1646060490~
DTM*405*20260121~
N1*PR*Anthem~
N3*5293 College Ave~
N4*Houston*TX*77001~
REF*2U*ANTM1~
N1*PE*Young James*XX*1000020802~
N3*7579 Valley View Dr~
N4*Indianapolis*IN*46201~
REF*TJ*359421468~
CLP*CLM1200800*4*170.00*0.00*0.00*12*PCN312460313*11*1~
CAS*CO*167*170.00*1~
NM1*QC*1*Hill*Jacob****MI*GRP48828580~
NM1*82*1*Young*James****XX*1000020802~
DTM*232*20260120~
DTM*233*20260121~
SVC*HC:99213:76*95.00*0.00**1~
DTM*472*20260120~
CAS*CO*167*95.00*1~
REF*6R*LNCLM120080000~
AMT*B6*0.00~
LQ*HE*MA130~
SVC*HC:99281:51*75.00*0.00**1~
DTM*472*20260120~
CAS*CO*167*75.00*1~
REF*6R*LNCLM120080001~
AMT*B6*0.00~
LQ*HE*N95~
CLP*CLM1200801*4*705.00*0.00*0.00*12*PCN298935858*11*1~
CAS*CO*4*705.00*1~
NM1*QC*1*Adams*Timothy****MI*MEM59019973~
NM1*82*1*Young*James****XX*1000020802~
DTM*232*20251015~
DTM*233*20251016~
SVC*HC:12002:59*675.00*0.00**3~
DTM*472*20251015~
CAS*CO*4*675.00*3~
REF*6R*LNCLM120080100~
AMT*B6*0.00~
LQ*HE*N362~
SVC*HC:36415:TC*30.00*0.00**3~
DTM*472*20251015~
CAS*CO*4*30.00*3~
REF*6R*LNCLM120080101~
AMT*B6*0.00~
LQ*HE*N479~
CLP*CLM1200802*4*170.00*0.00*0.00*12*PCN843978352*11*1~
CAS*CO*11*170.00*1~
NM1*QC*1*Adams*Stephanie****MI*GRP69660297~
NM1*82*1*Young*James****XX*1000020802~
DTM*232*20251221~
DTM*233*20251221~
SVC*HC:29125:50*170.00*0.00**2~
DTM*472*20251221~
CAS*CO*11*170.00*2~
REF*6R*LNCLM120080200~
AMT*B6*0.00~
LQ*HE*M15~
SE*61*120803~
GE*1*120802~
IEA*1*000120801~