ISA*00*          *00*          *ZZ*CMS            *ZZ*1000021102     *251210*2334*^*00501*000121101*0*P*:~
GS*HP*CMS*1000021102*20251210*2334*121102*X*005010X221A1~
ST*835*121103*005010X221A1~
BPR*I*295.65*C*ACH*CCP*01*101000019*DA*7890123456*CMS**01*074000078*DA*3456789012*20251210~
TRN*1*T000000121100*1590324846~
DTM*405*20251210~
N1*PR*Medicare Part B~
N3*7173 Hill St~
N4*Columbus*OH*43085~
REF*2U*CMS~
N1*PE*Hall James*XX*1000021102~
N3*6083 Valley View Dr~
N4*Philadelphia*PA*19101~
REF*TJ*473844779~
CLP*CLM1201100*4*400.00*0.00*0.00*MA*PCN792179057*11*1~
CAS*CO*16*400.00*1~
NM1*QC*1*Lopez*Edward****MI*GRP21941926~
NM1*82*1*Hall*James****XX*1000021102~
DTM*232*20250921~
DTM*233*20250921~
SVC*HC:99204:25*400.00*0.00**2~
DTM*472*20250921~
CAS*CO*16*400.00*2~
REF*6R*LNCLM120110000~
AMT*B6*0.00~
LQ*HE*N479~
CLP*CLM1201101*4*66.00*0.00*0.00*MA*PCN991473941*11*1~
CAS*CO*29*66.00*1~
NM1*QC*1*Moore*Margaret****MI*GRP89049080~
NM1*82*1*Hall*James****XX*1000021102~
DTM*232*20250927~
DTM*233*20250927~
SVC*HC:87804:77*66.00*0.00**3~
DTM*472*20250927~
CAS*CO*29*66.00*3~
REF*6R*LNCLM120110100~
AMT*B6*0.00~
LQ*HE*N479~
CLP*CLM1201102*1*460.00*295.65*77.60*MA*PCN624158794*11*1~
CAS*CO*45*86.75*1~
CAS*PR*1*77.60*1~
NM1*QC*1*Miller*Rebecca****MI*MEM20094217~
NM1*82*1*Hall*James****XX*1000021102~
DTM*232*20251022~
DTM*233*20251023~
SVC*HC:99204:76*200.00*118.04**1~
DTM*472*20251022~
CAS*CO*45*41.81*1~
CAS*PR*3*40.15*1~
REF*6R*LNCLM120110200~
AMT*B6*158.19~
LQ*HE*N95~
SVC*HC:99203:77*260.00*177.61**2~
DTM*472*20251022~
CAS*CO*45*44.94*2~
CAS*PR*2*37.45*2~
REF*6R*LNCLM120110201~
AMT*B6*215.06~
LQ*HE*N362~
CLP*CLM1201103*4*218.00*0.00*0.00*MA*PCN262647897*11*1~
CAS*CO*4*218.00*1~
NM1*QC*1*Sanchez*Lisa****MI*MEM99346651~
NM1*82*1*Hall*James****XX*1000021102~
DTM*232*20260108~
DTM*233*20260109~
SVC*HC:87880:50*18.00*0.00**1~
DTM*472*20260108~
CAS*CO*4*18.00*1~
REF*6R*LNCLM120110300~
AMT*B6*0.00~
LQ*HE*N479~
SVC*HC:99283:76*200.00*0.00**1~
DTM*472*20260108~
CAS*CO*4*200.00*1~
REF*6R*LNCLM120110301~
AMT*B6*0.00~
LQ*HE*M15~
CLP*CLM1201104*4*154.00*0.00*0.00*MA*PCN663790584*11*1~
CAS*PI*185*154.00*1~
NM1*QC*1*Thomas*Robert****MI*MEM66044136~
NM1*82*1*Hall*James****XX*1000021102~
DTM*232*20250827~
DTM*233*20250828~
SVC*HC:99203:25*130.00*0.00**1~
DTM*472*20250827~
CAS*PI*185*130.00*1~
REF*6R*LNCLM120110400~
AMT*B6*0.00~
LQ*HE*N95~
SVC*HC:81002*24.00*0.00**3~
DTM*472*20250827~
CAS*PI*185*24.00*3~
REF*6R*LNCLM120110401~
AMT*B6*0.00~
LQ*HE*N479~
PLB*413653832*20251231*FB*-213.39~
SE*95*121103~
GE*1*121102~
IEA*1*000121101~