ISA*00*          *00*          *ZZ*CMS            *ZZ*1000020202     *251211*2334*^*00501*000120201*0*P*:~
GS*HP*CMS*1000020202*20251211*2334*120202*X*005010X221A1~
ST*835*120203*005010X221A1~
BPR*I*0.00*C*ACH*CCP*01*091000019*DA*0123456789*CMS**01*111000025*DA*4567890123*20251211~
TRN*1*T000000120200*1715779839~
DTM*405*20251211~
N1*PR*Medicare Part B~
N3*7173 Hill St~
N4*Columbus*OH*43085~
REF*2U*CMS~
N1*PE*Scott Angela*XX*1000020202~
N3*8866 Market St~
N4*Jacksonville*FL*32099~
REF*TJ*542941431~
CLP*CLM1200200*4*68.00*0.00*0.00*MA*PCN224251629*11*1~
CAS*CO*50*68.00*1~
NM1*QC*1*Johnson*Mark****MI*GRP53636180~
NM1*82*1*Scott*Angela****XX*1000020202~
DTM*232*20260108~
DTM*233*20260109~
SVC*HC:87804:26*44.00*0.00**2~
DTM*472*20260108~
CAS*CO*50*44.00*2~
REF*6R*LNCLM120020000~
AMT*B6*0.00~
LQ*HE*N95~
SVC*HC:81002:26*24.00*0.00**3~
DTM*472*20260108~
CAS*CO*50*24.00*3~
REF*6R*LNCLM120020001~
AMT*B6*0.00~
LQ*HE*N386~
CLP*CLM1200201*4*408.00*0.00*0.00*MA*PCN955752724*11*1~
CAS*CO*50*408.00*1~
NM1*QC*1*Baker*Jacob****MI*MEM15241722~
NM1*82*1*Scott*Angela****XX*1000020202~
DTM*232*20250914~
DTM*233*20250915~
SVC*HC:87880:TC*18.00*0.00**1~
DTM*472*20250914~
CAS*CO*50*18.00*1~
REF*6R*LNCLM120020100~
AMT*B6*0.00~
LQ*HE*M15~
SVC*HC:99203:25*390.00*0.00**3~
DTM*472*20250914~
CAS*CO*50*390.00*3~
REF*6R*LNCLM120020101~
AMT*B6*0.00~
LQ*HE*N95~
SE*49*120203~
GE*1*120202~
IEA*1*000120201~