ISA*00*          *00*          *ZZ*ANTM1          *ZZ*1000020502     *251205*2334*^*00501*000120501*0*P*:~
GS*HP*ANTM1*1000020502*20251205*2334*120502*X*005010X221A1~
ST*835*120503*005010X221A1~
BPR*I*742.51*C*ACH*CCP*01*071000013*DA*0123456789*ANTM1**01*111000025*DA*9012345678*20251205~
TRN*1*T000000120500*1853507712~
DTM*405*20251205~
N1*PR*Anthem~
N3*5293 College Ave~
N4*Houston*TX*77001~
REF*2U*ANTM1~
N1*PE*Nguyen Christine*XX*1000020502~
N3*9330 College Ave~
N4*San Jose*CA*95101~
REF*TJ*415796088~
CLP*CLM1200500*1*305.00*199.20*26.32*12*PCN406949693*11*1~
CAS*CO*45*79.48*1~
CAS*PR*3*26.32*1~
NM1*QC*1*Green*Mary****MI*INS99418306~
NM1*82*1*Nguyen*Christine****XX*1000020502~
DTM*232*20251119~
DTM*233*20251120~
SVC*HC:12001:TC*175.00*113.03**1~
DTM*472*20251119~
CAS*CO*97*45.68*1~
CAS*PR*1*16.29*1~
REF*6R*LNCLM120050000~
AMT*B6*129.32~
LQ*HE*MA130~
SVC*HC:99203:76*130.00*86.17**1~
DTM*472*20251119~
CAS*CO*45*33.80*1~
CAS*PR*3*10.03*1~
REF*6R*LNCLM120050001~
AMT*B6*96.20~
LQ*HE*N362~
CLP*CLM1200501*1*386.00*191.15*49.17*12*PCN552427971*11*1~
CAS*CO*97*145.68*1~
CAS*PR*1*49.17*1~
NM1*QC*1*Allen*Donna****MI*MEM39413349~
NM1*82*1*Nguyen*Christine****XX*1000020502~
DTM*232*20251003~
DTM*233*20251004~
SVC*HC:87880:26*36.00*24.57**2~
DTM*472*20251003~
CAS*CO*45*7.07*2~
CAS*PR*3*4.36*2~
REF*6R*LNCLM120050100~
AMT*B6*28.93~
LQ*HE*M15~
SVC*HC:12001:TC*350.00*166.58**2~
DTM*472*20251003~
CAS*CO*97*138.61*2~
CAS*PR*1*44.81*2~
REF*6R*LNCLM120050101~
AMT*B6*211.39~
LQ*HE*N386~
CLP*CLM1200502*1*600.00*352.16*67.15*12*PCN710729279*11*1~
CAS*CO*97*180.69*1~
CAS*PR*1*67.15*1~
NM1*QC*1*Baker*David****MI*GRP67039662~
NM1*82*1*Nguyen*Christine****XX*1000020502~
DTM*232*20251223~
DTM*233*20251223~
SVC*HC:99204:51*400.00*214.17**2~
DTM*472*20251223~
CAS*CO*97*141.34*2~
CAS*PR*3*44.49*2~
REF*6R*LNCLM120050200~
AMT*B6*258.66~
LQ*HE*N95~
SVC*HC:99283:TC*200.00*137.99**1~
DTM*472*20251223~
CAS*CO*97*39.35*1~
CAS*PR*3*22.66*1~
REF*6R*LNCLM120050201~
AMT*B6*160.65~
LQ*HE*N386~
SE*76*120503~
GE*1*120502~
IEA*1*000120501~