ISA*00*          *00*          *ZZ*91051          *ZZ*1000020402     *260112*2334*^*00501*000120401*0*P*:~
GS*HP*91051*1000020402*20260112*2334*120402*X*005010X221A1~
ST*835*120403*005010X221A1~
BPR*I*0.00*C*ACH*CCP*01*021000021*DA*9012345678*91051**01*021202337*DA*2345678901*20260112~
TRN*1*T000000120400*1414020353~
DTM*405*20260112~
N1*PR*Kaiser Permanente~
N3*723 Park Dr~
N4*Chicago*IL*60601~
REF*2U*91051~
N1*PE*Kim Karen*XX*1000020402~
N3*5792 Meadow Ln~
N4*San Jose*CA*95101~
REF*TJ*805209859~
CLP*CLM1200400*4*391.00*0.00*0.00*13*PCN481632338*11*1~
CAS*CO*27*391.00*1~
NM1*QC*1*Harris*Mary****MI*GRP58845516~
NM1*82*1*Kim*Karen****XX*1000020402~
DTM*232*20251006~
DTM*233*20251006~
SVC*HC:99282:RT*375.00*0.00**3~
DTM*472*20251006~
CAS*CO*27*375.00*3~
REF*6R*LNCLM120040000~
AMT*B6*0.00~
LQ*HE*N362~
SVC*HC:81002:TC*16.00*0.00**2~
DTM*472*20251006~
CAS*CO*27*16.00*2~
REF*6R*LNCLM120040001~
AMT*B6*0.00~
LQ*HE*MA130~
CLP*CLM1200401*4*790.00*0.00*0.00*13*PCN423160136*11*1~
CAS*CO*96*790.00*1~
NM1*QC*1*King*Brian****MI*INS33671692~
NM1*82*1*Kim*Karen****XX*1000020402~
DTM*232*20260110~
DTM*233*20260110~
SVC*HC:99283:76*400.00*0.00**2~
DTM*472*20260110~
CAS*CO*96*400.00*2~
REF*6R*LNCLM120040100~
AMT*B6*0.00~
LQ*HE*MA130~
SVC*HC:99203:76*390.00*0.00**3~
DTM*472*20260110~
CAS*CO*96*390.00*3~
REF*6R*LNCLM120040101~
AMT*B6*0.00~
LQ*HE*MA130~
SE*49*120403~
GE*1*120402~
IEA*1*000120401~