ISA*00*          *00*          *ZZ*ANTM1          *ZZ*1000020602     *251221*2334*^*00501*000120601*0*P*:~
GS*HP*ANTM1*1000020602*20251221*2334*120602*X*005010X221A1~
ST*835*120603*005010X221A1~
BPR*I*211.01*C*ACH*CCP*01*021202337*DA*9012345678*ANTM1**01*081000032*DA*8901234567*20251221~
TRN*1*T000000120600*1957772811~
DTM*405*20251221~
N1*PR*Anthem~
N3*5293 College Ave~
N4*Houston*TX*77001~
REF*2U*ANTM1~
N1*PE*Clark Jennifer*XX*1000020602~
N3*3363 Cedar Ln~
N4*Austin*TX*73301~
REF*TJ*694174724~
CLP*CLM1200600*1*270.00*147.16*24.34*12*PCN597605409*11*1~
CAS*CO*97*98.50*1~
CAS*PR*3*24.34*1~
NM1*QC*1*Wright*Betty****MI*PLN29519161~
NM1*82*1*Clark*Jennifer****XX*1000020602~
DTM*232*20251014~
DTM*233*20251014~
SVC*HC:99282:RT*250.00*137.30**2~
DTM*472*20251014~
CAS*CO*45*91.28*2~
CAS*PR*3*21.42*2~
REF*6R*LNCLM120060000~
AMT*B6*158.72~
LQ*HE*N479~
SVC*HC:36415*20.00*9.86**2~
DTM*472*20251014~
CAS*CO*45*7.22*2~
CAS*PR*2*2.92*2~
REF*6R*LNCLM120060001~
AMT*B6*12.78~
LQ*HE*N479~
CLP*CLM1200601*1*95.00*63.85*14.85*12*PCN380338845*11*1~
CAS*CO*97*16.30*1~
CAS*PR*3*14.85*1~
NM1*QC*1*King*Jeffrey****MI*INS23809027~
NM1*82*1*Clark*Jennifer****XX*1000020602~
DTM*232*20251219~
DTM*233*20251219~
SVC*HC:99213:26*95.00*63.85**1~
DTM*472*20251219~
CAS*CO*45*16.30*1~
CAS*PR*1*14.85*1~
REF*6R*LNCLM120060100~
AMT*B6*78.70~
LQ*HE*N386~
SE*48*120603~
GE*1*120602~
IEA*1*000120601~