ISA*00*          *00*          *ZZ*61101          *ZZ*1000020902     *260105*2334*^*00501*000120901*0*P*:~
GS*HP*61101*1000020902*20260105*2334*120902*X*005010X221A1~
ST*835*120903*005010X221A1~
BPR*I*0.00*C*ACH*CCP*01*101000019*DA*1234567890*61101**01*122000247*DA*6789012345*20260105~
TRN*1*T000000120900*1752588905~
DTM*405*20260105~
N1*PR*Humana~
N3*7536 Washington Ave~
N4*Seattle*WA*98101~
REF*2U*61101~
N1*PE*Young Laura*XX*1000020902~
N3*2303 Hill St~
N4*Austin*TX*73301~
REF*TJ*443754339~
CLP*CLM1200900*4*175.00*0.00*0.00*13*PCN389494534*11*1~
CAS*PI*185*175.00*1~
NM1*QC*1*Sanchez*Karen****MI*GRP18361104~
NM1*82*1*Young*Laura****XX*1000020902~
DTM*232*20260118~
DTM*233*20260119~
SVC*HC:71046:LT*90.00*0.00**2~
DTM*472*20260118~
CAS*PI*185*90.00*2~
REF*6R*LNCLM120090000~
AMT*B6*0.00~
LQ*HE*N479~
SVC*HC:29125:LT*85.00*0.00**1~
DTM*472*20260118~
CAS*PI*185*85.00*1~
REF*6R*LNCLM120090001~
AMT*B6*0.00~
LQ*HE*MA130~
CLP*CLM1200901*4*480.00*0.00*0.00*13*PCN663135768*11*1~
CAS*OA*109*480.00*1~
NM1*QC*1*Smith*Rebecca****MI*PLN17816366~
NM1*82*1*Young*Laura****XX*1000020902~
DTM*232*20260202~
DTM*233*20260203~
SVC*HC:12001:LT*350.00*0.00**2~
DTM*472*20260202~
CAS*OA*109*350.00*2~
REF*6R*LNCLM120090100~
AMT*B6*0.00~
LQ*HE*N362~
SVC*HC:99203:26*130.00*0.00**1~
DTM*472*20260202~
CAS*OA*109*130.00*1~
REF*6R*LNCLM120090101~
AMT*B6*0.00~
LQ*HE*N95~
CLP*CLM1200902*4*66.00*0.00*0.00*13*PCN496370908*11*1~
CAS*OA*31*66.00*1~
NM1*QC*1*Lopez*Mark****MI*MEM24499320~
NM1*82*1*Young*Laura****XX*1000020902~
DTM*232*20251020~
DTM*233*20251021~
SVC*HC:87804*66.00*0.00**3~
DTM*472*20251020~
CAS*OA*31*66.00*3~
REF*6R*LNCLM120090200~
AMT*B6*0.00~
LQ*HE*N95~
SE*61*120903~
GE*1*120902~
IEA*1*000120901~