ISA*00*          *00*          *ZZ*91051          *ZZ*1000020702     *251125*2334*^*00501*000120701*0*P*:~
GS*HP*91051*1000020702*20251125*2334*120702*X*005010X221A1~
ST*835*120703*005010X221A1~
BPR*I*0.00*C*ACH*CCP*01*021000021*DA*9012345678*91051**01*071000013*DA*5678901234*20251125~
TRN*1*T000000120700*1741436643~
DTM*405*20251125~
N1*PR*Kaiser Permanente~
N3*723 Park Dr~
N4*Chicago*IL*60601~
REF*2U*91051~
N1*PE*Johnson Jennifer*XX*1000020702~
N3*8024 Spring Ln~
N4*Philadelphia*PA*19101~
REF*TJ*458423192~
CLP*CLM1200700*4*90.00*0.00*0.00*13*PCN445609082*11*1~
CAS*CO*11*90.00*1~
NM1*QC*1*Miller*Jason****MI*INS72335175~
NM1*82*1*Johnson*Jennifer****XX*1000020702~
DTM*232*20251123~
DTM*233*20251124~
SVC*HC:71046:RT*90.00*0.00**2~
DTM*472*20251123~
CAS*CO*11*90.00*2~
REF*6R*LNCLM120070000~
AMT*B6*0.00~
LQ*HE*MA130~
CLP*CLM1200701*4*125.00*0.00*0.00*13*PCN851073879*11*1~
CAS*CO*167*125.00*1~
NM1*QC*1*Scott*Kevin****MI*INS33472512~
NM1*82*1*Johnson*Jennifer****XX*1000020702~
DTM*232*20260124~
DTM*233*20260125~
SVC*HC:99213:26*95.00*0.00**1~
DTM*472*20260124~
CAS*CO*167*95.00*1~
REF*6R*LNCLM120070100~
AMT*B6*0.00~
LQ*HE*M15~
SVC*HC:36415:50*30.00*0.00**3~
DTM*472*20260124~
CAS*CO*167*30.00*3~
REF*6R*LNCLM120070101~
AMT*B6*0.00~
LQ*HE*N386~
SE*43*120703~
GE*1*120702~
IEA*1*000120701~