ISA*00*          *00*          *ZZ*ANTM1          *ZZ*1000021002     *260109*2334*^*00501*000121001*0*P*:~
GS*HP*ANTM1*1000021002*20260109*2334*121002*X*005010X221A1~
ST*835*121003*005010X221A1~
BPR*I*0.00*C*ACH*CCP*01*026009593*DA*1234567890*ANTM1**01*101000019*DA*1234567890*20260109~
TRN*1*T000000121000*1881834269~
DTM*405*20260109~
N1*PR*Anthem~
N3*5293 College Ave~
N4*Houston*TX*77001~
REF*2U*ANTM1~
N1*PE*Kim Elizabeth*XX*1000021002~
N3*1778 Oak Ave~
N4*Los Angeles*CA*90001~
REF*TJ*904692762~
CLP*CLM1201000*4*44.00*0.00*0.00*12*PCN143667708*11*1~
CAS*OA*109*44.00*1~
NM1*QC*1*Green*Sharon****MI*PLN63404351~
NM1*82*1*Kim*Elizabeth****XX*1000021002~
DTM*232*20250911~
DTM*233*20250912~
SVC*HC:87804:51*44.00*0.00**2~
DTM*472*20250911~
CAS*OA*109*44.00*2~
REF*6R*LNCLM120100000~
AMT*B6*0.00~
LQ*HE*N386~
CLP*CLM1201001*4*470.00*0.00*0.00*12*PCN759732312*11*1~
CAS*OA*31*470.00*1~
NM1*QC*1*Adams*Brian****MI*MEM75449008~
NM1*82*1*Kim*Elizabeth****XX*1000021002~
DTM*232*20251123~
DTM*233*20251123~
SVC*HC:99282:LT*375.00*0.00**3~
DTM*472*20251123~
CAS*OA*31*375.00*3~
REF*6R*LNCLM120100100~
AMT*B6*0.00~
LQ*HE*N386~
SVC*HC:99213:51*95.00*0.00**1~
DTM*472*20251123~
CAS*OA*31*95.00*1~
REF*6R*LNCLM120100101~
AMT*B6*0.00~
LQ*HE*N362~
CLP*CLM1201002*4*247.00*0.00*0.00*12*PCN500129040*11*1~
CAS*PI*185*247.00*1~
NM1*QC*1*Johnson*Christopher****MI*PLN52608631~
NM1*82*1*Kim*Elizabeth****XX*1000021002~
DTM*232*20251023~
DTM*233*20251024~
SVC*HC:99281:76*225.00*0.00**3~
DTM*472*20251023~
CAS*PI*185*225.00*3~
REF*6R*LNCLM120100200~
AMT*B6*0.00~
LQ*HE*M15~
SVC*HC:87804:LT*22.00*0.00**1~
DTM*472*20251023~
CAS*PI*185*22.00*1~
REF*6R*LNCLM120100201~
AMT*B6*0.00~
LQ*HE*M15~
PLB*567344240*20261231*WO*-385.98~
SE*62*121003~
GE*1*121002~
IEA*1*000121001~