ISA*00*          *00*          *ZZ*CMS            *ZZ*1000020302     *251208*2334*^*00501*000120301*0*P*:~
GS*HP*CMS*1000020302*20251208*2334*120302*X*005010X221A1~
ST*835*120303*005010X221A1~
BPR*I*0.00*C*ACH*CCP*01*101000019*DA*2345678901*CMS**01*021000021*DA*5678901234*20251208~
TRN*1*T000000120300*1279648305~
DTM*405*20251208~
N1*PR*Medicare Part B~
N3*7173 Hill St~
N4*Columbus*OH*43085~
REF*2U*CMS~
N1*PE*Clark Rebecca*XX*1000020302~
N3*8095 Oak Ave~
N4*Fort Worth*TX*76101~
REF*TJ*645674055~
CLP*CLM1200300*4*199.00*0.00*0.00*MA*PCN905545983*11*1~
CAS*CO*29*199.00*1~
NM1*QC*1*Miller*Daniel****MI*MEM93445539~
NM1*82*1*Clark*Rebecca****XX*1000020302~
DTM*232*20251106~
DTM*233*20251107~
SVC*HC:12001:TC*175.00*0.00**1~
DTM*472*20251106~
CAS*CO*29*175.00*1~
REF*6R*LNCLM120030000~
AMT*B6*0.00~
LQ*HE*N479~
SVC*HC:81002:26*24.00*0.00**3~
DTM*472*20251106~
CAS*CO*29*24.00*3~
REF*6R*LNCLM120030001~
AMT*B6*0.00~
LQ*HE*N95~
CLP*CLM1200301*4*240.00*0.00*0.00*MA*PCN430242360*11*1~
CAS*CO*27*240.00*1~
NM1*QC*1*Jones*Sharon****MI*PLN87841136~
NM1*82*1*Clark*Rebecca****XX*1000020302~
DTM*232*20260130~
DTM*233*20260131~
SVC*HC:71046:51*90.00*0.00**2~
DTM*472*20260130~
CAS*CO*27*90.00*2~
REF*6R*LNCLM120030100~
AMT*B6*0.00~
LQ*HE*N95~
SVC*HC:99281:59*150.00*0.00**2~
DTM*472*20260130~
CAS*CO*27*150.00*2~
REF*6R*LNCLM120030101~
AMT*B6*0.00~
LQ*HE*N479~
PLB*143209273*20251231*CS*-76.87~
SE*50*120303~
GE*1*120302~
IEA*1*000120301~