ISA*00*          *00*          *ZZ*MDCD           *ZZ*1000023602     *20260101*2335*^*00501*002000006*0*P*:~
GS*HP*MDCD*1000023602*20260101*2335*20006*X*005010X221A1~
ST*835*00020006~
BPR*H*0.00*C*NON************20260101~
TRN*1*TRC020065262*1MDCD~
DTM*405*20260101~
N1*PR*Medicaid*XV*MDCD~
N3*PO Box 34062~
N4*Houston*TX*77001~
N1*PE*William Kim, DO*XX*1000023602~
N3*4184 Cedar Ln~
N4*Chicago*IL*60601~
REF*TJ*984022121~
CLP*CLM0200600*4*15.00*0.00*0.00*Medicaid*PYR0200600930~
CAS*CO*97*15.00~
NM1*QC*1*White*Jessica****MI*GRP38156397~
NM1*82*1*Kim*William****XX*1000023602~
DTM*232*20251124~
DTM*233*20251124~
SVC*HC:86005*15.00*0.00**1~
CAS*CO*97*15.00~
DTM*472*20251124~
REF*6R*LNCLM02006005273~
AMT*B6*0.00~
LQ*HE*N386~
CLP*CLM0200601*4*145.00*0.00*0.00*Medicaid*PYR0200601766~
CAS*CO*4*145.00~
NM1*QC*1*Torres*Mary****MI*GRP70868690~
NM1*82*1*Kim*William****XX*1000023602~
DTM*232*20251128~
DTM*233*20251128~
SVC*HC:99214*145.00*0.00**1~
CAS*CO*4*145.00~
DTM*472*20251128~
REF*6R*LNCLM02006015336~
AMT*B6*0.00~
LQ*HE*N386~
SE*36*00020006~
GE*1*20006~
IEA*1*002000006~