ISA*00*          *00*          *ZZ*BCBS1          *ZZ*1000032202     *20260122*2335*^*00501*002000012*0*P*:~
GS*HP*BCBS1*1000032202*20260122*2335*20012*X*005010X221A1~
ST*835*00020012~
BPR*H*130.53*C*NON************20260122~
TRN*1*TRC020123877*1BCBS1~
DTM*405*20260122~
N1*PR*Blue Cross Blue Shield*XV*BCBS1~
N3*PO Box 21753~
N4*Chicago*IL*60601~
N1*PE*David Nguyen, MD*XX*1000032202~
N3*9986 Maple Dr~
N4*Indianapolis*IN*46201~
REF*TJ*457086306~
CLP*CLM0201200*4*200.00*0.00*0.00*HMO*PYR0201200278~
CAS*OA*222*200.00~
NM1*QC*1*Robinson*George****MI*PLN29939645~
NM1*82*1*Nguyen*David****XX*1000032202~
DTM*232*20250920~
DTM*233*20250921~
SVC*HC:99204*200.00*0.00**1~
CAS*OA*222*200.00~
DTM*472*20250920~
REF*6R*LNCLM02012001957~
AMT*B6*0.00~
LQ*HE*MA130~
CLP*CLM0201201*4*20.00*0.00*2.94*HMO*PYR0201201862~
CAS*OA*96*17.06~
CAS*PR*3*2.94~
NM1*QC*1*Harris*Sharon****MI*GRP13134871~
NM1*82*1*Nguyen*David****XX*1000032202~
DTM*232*20251029~
DTM*233*20251029~
SVC*HC:95115*20.00*0.00**1~
CAS*OA*96*17.06~
CAS*PR*3*2.94~
DTM*472*20251029~
REF*6R*LNCLM02012019131~
AMT*B6*0.00~
LQ*HE*N362~
CLP*CLM0201202*2*200.00*43.08*32.71*HMO*PYR0201202905~
CAS*CO*222*124.21~
CAS*PR*2*32.71~
NM1*QC*1*Perez*Mary****MI*MEM34326033~
NM1*82*1*Nguyen*David****XX*1000032202~
DTM*232*20251102~
DTM*233*20251102~
SVC*HC:99204*200.00*43.08**1~
CAS*CO*222*124.21~
CAS*PR*2*32.71~
DTM*472*20251102~
REF*6R*LNCLM02012028724~
AMT*B6*75.79~
LQ*HE*N362~
CLP*CLM0201203*2*200.00*81.00*34.25*HMO*PYR0201203210~
CAS*CO*31*84.75~
CAS*PR*2*34.25~
NM1*QC*1*Torres*Mark****MI*INS14808266~
NM1*82*1*Nguyen*David****XX*1000032202~
DTM*232*20251125~
DTM*233*20251126~
SVC*HC:99204*200.00*81.00**2~
CAS*CO*31*84.75~
CAS*PR*2*34.25~
DTM*472*20251125~
REF*6R*LNCLM02012033718~
AMT*B6*115.25~
LQ*HE*MA130~
CLP*CLM0201204*2*15.00*6.45*2.78*HMO*PYR0201204851~
CAS*OA*4*5.77~
CAS*PR*2*2.78~
NM1*QC*1*Walker*Patricia****MI*GRP67889677~
NM1*82*1*Nguyen*David****XX*1000032202~
DTM*232*20251022~
DTM*233*20251022~
SVC*HC:95165*15.00*6.45**1~
CAS*OA*4*5.77~
CAS*PR*2*2.78~
DTM*472*20251022~
REF*6R*LNCLM02012046453~
AMT*B6*9.23~
LQ*HE*N95~
SE*80*00020012~
GE*1*20012~
IEA*1*002000012~