ISA*00*          *00*          *ZZ*60054          *ZZ*1000020202     *20260108*2335*^*00501*002000002*0*P*:~
GS*HP*60054*1000020202*20260108*2335*20002*X*005010X221A1~
ST*835*00020002~
BPR*H*0.00*C*NON************20260108~
TRN*1*TRC020027475*160054~
DTM*405*20260108~
N1*PR*Aetna*XV*60054~
N3*PO Box 91321~
N4*San Antonio*TX*78201~
N1*PE*Elizabeth Martinez, MD*XX*1000020202~
N3*1565 Sunset Blvd~
N4*Nashville*TN*37201~
REF*TJ*903921485~
CLP*CLM0200200*4*145.00*0.00*0.00*PPO*PYR0200200287~
CAS*OA*31*145.00~
NM1*QC*1*Anderson*Sharon****MI*MEM84859323~
NM1*82*1*Martinez*Elizabeth****XX*1000020202~
DTM*232*20251024~
DTM*233*20251024~
SVC*HC:99214*145.00*0.00**1~
CAS*OA*31*145.00~
DTM*472*20251024~
REF*6R*LNCLM02002008822~
AMT*B6*0.00~
LQ*HE*N362~
CLP*CLM0200201*4*12.00*0.00*0.00*PPO*PYR0200201744~
CAS*CO*27*12.00~
NM1*QC*1*Davis*Karen****MI*INS59679011~
NM1*82*1*Martinez*Elizabeth****XX*1000020202~
DTM*232*20250928~
DTM*233*20250928~
SVC*HC:95024*12.00*0.00**1~
CAS*CO*27*12.00~
DTM*472*20250928~
REF*6R*LNCLM02002012161~
AMT*B6*0.00~
LQ*HE*N362~
CLP*CLM0200202*4*12.00*0.00*0.00*PPO*PYR0200202742~
CAS*CO*27*12.00~
NM1*QC*1*Davis*Nancy****MI*PLN82265785~
NM1*82*1*Martinez*Elizabeth****XX*1000020202~
DTM*232*20251211~
DTM*233*20251212~
SVC*HC:95024*12.00*0.00**1~
CAS*CO*27*12.00~
DTM*472*20251211~
REF*6R*LNCLM02002021664~
AMT*B6*0.00~
LQ*HE*N362~
SE*48*00020002~
GE*1*20002~
IEA*1*002000002~