ISA*00*          *00*          *ZZ*MDCD           *ZZ*1000023502     *20260101*2335*^*00501*002000005*0*P*:~
GS*HP*MDCD*1000023502*20260101*2335*20005*X*005010X221A1~
ST*835*00020005~
BPR*H*0.00*C*NON************20260101~
TRN*1*TRC020054332*1MDCD~
DTM*405*20260101~
N1*PR*Medicaid*XV*MDCD~
N3*PO Box 28765~
N4*Dallas*TX*75201~
N1*PE*Michael Scott, MD*XX*1000023502~
N3*3409 Hill St~
N4*Charlotte*NC*28201~
REF*TJ*266927969~
CLP*CLM0200500*4*20.00*0.00*0.00*Medicaid*PYR0200500955~
CAS*CO*167*20.00~
NM1*QC*1*Green*Cynthia****MI*PLN44546634~
NM1*82*1*Scott*Michael****XX*1000023502~
DTM*232*20251121~
DTM*233*20251121~
SVC*HC:95115*20.00*0.00**2~
CAS*CO*167*20.00~
DTM*472*20251121~
REF*6R*LNCLM02005004034~
AMT*B6*0.00~
LQ*HE*N386~
CLP*CLM0200501*4*20.00*0.00*0.00*Medicaid*PYR0200501197~
CAS*CO*97*20.00~
NM1*QC*1*Baker*Matthew****MI*INS95535576~
NM1*82*1*Scott*Michael****XX*1000023502~
DTM*232*20251202~
DTM*233*20251202~
SVC*HC:95115*20.00*0.00**1~
CAS*CO*97*20.00~
DTM*472*20251202~
REF*6R*LNCLM02005015365~
AMT*B6*0.00~
LQ*HE*N386~
SE*36*00020005~
GE*1*20005~
IEA*1*002000005~