ISA*00*          *00*          *ZZ*99726          *ZZ*1000032102     *20251126*2335*^*00501*002000011*0*P*:~
GS*HP*99726*1000032102*20251126*2335*20011*X*005010X221A1~
ST*835*00020011~
BPR*H*195.24*C*NON************20251126~
TRN*1*TRC020114731*199726~
DTM*405*20251126~
N1*PR*Tricare*XV*99726~
N3*PO Box 58901~
N4*Indianapolis*IN*46201~
N1*PE*Patricia Clark, MD*XX*1000032102~
N3*7576 Main St~
N4*Charlotte*NC*28201~
REF*TJ*482031138~
CLP*CLM0201100*4*145.00*0.00*0.00*Government*PYR0201100371~
CAS*PI*197*145.00~
NM1*QC*1*Scott*Sarah****MI*MEM20363074~
NM1*82*1*Clark*Patricia****XX*1000032102~
DTM*232*20251108~
DTM*233*20251109~
SVC*HC:99214*145.00*0.00**1~
CAS*PI*197*145.00~
DTM*472*20251108~
REF*6R*LNCLM02011007586~
AMT*B6*0.00~
LQ*HE*N362~
CLP*CLM0201101*2*250.00*65.48*32.73*Government*PYR0201101483~
CAS*CO*27*151.79~
CAS*PR*2*32.73~
NM1*QC*1*Torres*Ronald****MI*GRP28848351~
NM1*82*1*Clark*Patricia****XX*1000032102~
DTM*232*20251225~
DTM*233*20251226~
SVC*HC:95180*250.00*65.48**2~
CAS*CO*27*151.79~
CAS*PR*2*32.73~
DTM*472*20251225~
REF*6R*LNCLM02011011594~
AMT*B6*98.21~
LQ*HE*MA130~
CLP*CLM0201102*2*250.00*69.34*48.83*Government*PYR0201102477~
CAS*OA*31*131.83~
CAS*PR*2*48.83~
NM1*QC*1*Rodriguez*Lisa****MI*PLN30504003~
NM1*82*1*Clark*Patricia****XX*1000032102~
DTM*232*20251019~
DTM*233*20251019~
SVC*HC:95180*250.00*69.34**2~
CAS*OA*31*131.83~
CAS*PR*2*48.83~
DTM*472*20251019~
REF*6R*LNCLM02011025220~
AMT*B6*118.17~
LQ*HE*MA130~
CLP*CLM0201103*2*12.00*2.98*0.98*Government*PYR0201103216~
CAS*CO*31*8.04~
CAS*PR*3*0.98~
NM1*QC*1*Taylor*Kevin****MI*PLN59991777~
NM1*82*1*Clark*Patricia****XX*1000032102~
DTM*232*20251024~
DTM*233*20251024~
SVC*HC:95024*12.00*2.98**1~
CAS*CO*31*8.04~
CAS*PR*3*0.98~
DTM*472*20251024~
REF*6R*LNCLM02011039525~
AMT*B6*3.96~
LQ*HE*M15~
CLP*CLM0201104*2*200.00*57.44*13.56*Government*PYR0201104670~
CAS*PI*50*129.00~
CAS*PR*2*13.56~
NM1*QC*1*Lee*Daniel****MI*INS98492936~
NM1*82*1*Clark*Patricia****XX*1000032102~
DTM*232*20260105~
DTM*233*20260106~
SVC*HC:99204*200.00*57.44**1~
CAS*PI*50*129.00~
CAS*PR*2*13.56~
DTM*472*20260105~
REF*6R*LNCLM02011047776~
AMT*B6*71.00~
LQ*HE*MA04~
CLP*CLM0201105*4*12.00*0.00*0.00*Government*PYR0201105928~
CAS*PI*27*12.00~
NM1*QC*1*Green*Emily****MI*MEM60057145~
NM1*82*1*Clark*Patricia****XX*1000032102~
DTM*232*20251231~
DTM*233*20251231~
SVC*HC:95024*12.00*0.00**1~
CAS*PI*27*12.00~
DTM*472*20251231~
REF*6R*LNCLM02011053080~
AMT*B6*0.00~
LQ*HE*N479~
SE*92*00020011~
GE*1*20011~
IEA*1*002000011~