ISA*00*          *00*          *ZZ*ANTM1          *ZZ*1000028902     *20251223*2335*^*00501*002000009*0*P*:~
GS*HP*ANTM1*1000028902*20251223*2335*20009*X*005010X221A1~
ST*835*00020009~
BPR*H*0.00*C*NON************20251223~
TRN*1*TRC020096759*1ANTM1~
DTM*405*20251223~
N1*PR*Anthem*XV*ANTM1~
N3*PO Box 16595~
N4*Houston*TX*77001~
N1*PE*John Johnson, DO*XX*1000028902~
N3*7422 Forest Dr~
N4*Jacksonville*FL*32099~
REF*TJ*410955615~
CLP*CLM0200900*4*95.00*0.00*0.00*PPO*PYR0200900942~
CAS*OA*222*95.00~
NM1*QC*1*Clark*Jason****MI*MEM99062606~
NM1*82*1*Johnson*John****XX*1000028902~
DTM*232*20251117~
DTM*233*20251117~
SVC*HC:99213*95.00*0.00**1~
CAS*OA*222*95.00~
DTM*472*20251117~
REF*6R*LNCLM02009004455~
AMT*B6*0.00~
LQ*HE*N381~
CLP*CLM0200901*4*15.00*0.00*0.00*PPO*PYR0200901412~
CAS*OA*222*15.00~
NM1*QC*1*Robinson*Laura****MI*MEM63530338~
NM1*82*1*Johnson*John****XX*1000028902~
DTM*232*20251007~
DTM*233*20251007~
SVC*HC:95165*15.00*0.00**1~
CAS*OA*222*15.00~
DTM*472*20251007~
REF*6R*LNCLM02009016735~
AMT*B6*0.00~
LQ*HE*N381~
SE*36*00020009~
GE*1*20009~
IEA*1*002000009~