ISA*00*          *00*          *ZZ*99726          *ZZ*1000026802     *20260101*2335*^*00501*002000008*0*P*:~
GS*HP*99726*1000026802*20260101*2335*20008*X*005010X221A1~
ST*835*00020008~
BPR*H*0.00*C*NON************20260101~
TRN*1*TRC020089541*199726~
DTM*405*20260101~
N1*PR*Tricare*XV*99726~
N3*PO Box 32090~
N4*Charlotte*NC*28201~
N1*PE*Richard Williams, MD*XX*1000026802~
N3*9197 Pine St~
N4*Phoenix*AZ*85001~
REF*TJ*477838630~
CLP*CLM0200800*4*8.00*0.00*0.00*Government*PYR0200800681~
CAS*CO*197*8.00~
NM1*QC*1*Brown*Timothy****MI*GRP10870897~
NM1*82*1*Williams*Richard****XX*1000026802~
DTM*232*20251105~
DTM*233*20251106~
SVC*HC:95004*8.00*0.00**1~
CAS*CO*197*8.00~
DTM*472*20251105~
REF*6R*LNCLM02008007060~
AMT*B6*0.00~
LQ*HE*MA130~
CLP*CLM0200801*4*12.00*0.00*0.00*Government*PYR0200801603~
CAS*CO*197*12.00~
NM1*QC*1*Smith*Ronald****MI*PLN88775780~
NM1*82*1*Williams*Richard****XX*1000026802~
DTM*232*20251209~
DTM*233*20251209~
SVC*HC:95024*12.00*0.00**3~
CAS*CO*197*12.00~
DTM*472*20251209~
REF*6R*LNCLM02008014810~
AMT*B6*0.00~
LQ*HE*MA130~
SE*36*00020008~
GE*1*20008~
IEA*1*002000008~