ISA*00*          *00*          *ZZ*60054          *ZZ*1000026702     *20260121*2335*^*00501*002000007*0*P*:~
GS*HP*60054*1000026702*20260121*2335*20007*X*005010X221A1~
ST*835*00020007~
BPR*H*0.00*C*NON************20260121~
TRN*1*TRC020075933*160054~
DTM*405*20260121~
N1*PR*Aetna*XV*60054~
N3*PO Box 46510~
N4*Jacksonville*FL*32099~
N1*PE*Elizabeth Lewis, MD*XX*1000026702~
N3*9018 Main St~
N4*Columbus*OH*43085~
REF*TJ*570775380~
CLP*CLM0200700*4*35.00*0.00*0.00*PPO*PYR0200700797~
CAS*CO*50*35.00~
NM1*QC*1*Brown*Melissa****MI*INS62780060~
NM1*82*1*Lewis*Elizabeth****XX*1000026702~
DTM*232*20250916~
DTM*233*20250917~
SVC*HC:94375*35.00*0.00**1~
CAS*CO*50*35.00~
DTM*472*20250916~
REF*6R*LNCLM02007006683~
AMT*B6*0.00~
LQ*HE*MA130~
CLP*CLM0200701*4*20.00*0.00*0.00*PPO*PYR0200701779~
CAS*PI*50*20.00~
NM1*QC*1*Anderson*Margaret****MI*PLN49516736~
NM1*82*1*Lewis*Elizabeth****XX*1000026702~
DTM*232*20251011~
DTM*233*20251011~
SVC*HC:95115*20.00*0.00**1~
CAS*PI*50*20.00~
DTM*472*20251011~
REF*6R*LNCLM02007012836~
AMT*B6*0.00~
LQ*HE*MA130~
SE*36*00020007~
GE*1*20007~
IEA*1*002000007~