ISA*00*          *00*          *ZZ*87726          *ZZ*1000023402     *20260114*2335*^*00501*002000004*0*P*:~
GS*HP*87726*1000023402*20260114*2335*20004*X*005010X221A1~
ST*835*00020004~
BPR*H*0.00*C*NON************20260114~
TRN*1*TRC020047857*187726~
DTM*405*20260114~
N1*PR*UnitedHealthcare*XV*87726~
N3*PO Box 71283~
N4*Dallas*TX*75201~
N1*PE*Elizabeth Wright, MD*XX*1000023402~
N3*1038 Spring Ln~
N4*Indianapolis*IN*46201~
REF*TJ*453709808~
CLP*CLM0200400*4*8.00*0.00*0.00*PPO*PYR0200400482~
CAS*CO*97*8.00~
NM1*QC*1*Perez*Donna****MI*GRP67284062~
NM1*82*1*Wright*Elizabeth****XX*1000023402~
DTM*232*20250927~
DTM*233*20250928~
SVC*HC:95004*8.00*0.00**2~
CAS*CO*97*8.00~
DTM*472*20250927~
REF*6R*LNCLM02004008353~
AMT*B6*0.00~
LQ*HE*N386~
CLP*CLM0200401*4*35.00*0.00*0.00*PPO*PYR0200401963~
CAS*CO*167*35.00~
NM1*QC*1*Lopez*Margaret****MI*PLN54977346~
NM1*82*1*Wright*Elizabeth****XX*1000023402~
DTM*232*20251223~
DTM*233*20251224~
SVC*HC:95117*35.00*0.00**1~
CAS*CO*167*35.00~
DTM*472*20251223~
REF*6R*LNCLM02004011435~
AMT*B6*0.00~
LQ*HE*N386~
CLP*CLM0200402*4*10.00*0.00*0.00*PPO*PYR0200402908~
CAS*CO*167*10.00~
NM1*QC*1*Johnson*Kimberly****MI*MEM97007348~
NM1*82*1*Wright*Elizabeth****XX*1000023402~
DTM*232*20250830~
DTM*233*20250830~
SVC*HC:95044*10.00*0.00**1~
CAS*CO*167*10.00~
DTM*472*20250830~
REF*6R*LNCLM02004026422~
AMT*B6*0.00~
LQ*HE*N386~
SE*48*00020004~
GE*1*20004~
IEA*1*002000004~