ISA*00*          *00*          *ZZ*MDCD           *ZZ*1000029002     *20260201*2335*^*00501*002000010*0*P*:~
GS*HP*MDCD*1000029002*20260201*2335*20010*X*005010X221A1~
ST*835*00020010~
BPR*H*0.00*C*NON************20260201~
TRN*1*TRC020104859*1MDCD~
DTM*405*20260201~
N1*PR*Medicaid*XV*MDCD~
N3*PO Box 33720~
N4*Nashville*TN*37201~
N1*PE*Elizabeth Robinson, MD PhD*XX*1000029002~
N3*6741 Hill St~
N4*Fort Worth*TX*76101~
REF*TJ*544034283~
CLP*CLM0201000*4*40.00*0.00*0.00*Medicaid*PYR0201000214~
CAS*PI*222*40.00~
NM1*QC*1*Smith*Sharon****MI*INS77681989~
NM1*82*1*Robinson*Elizabeth****XX*1000029002~
DTM*232*20251125~
DTM*233*20251125~
SVC*HC:94010*40.00*0.00**2~
CAS*PI*222*40.00~
DTM*472*20251125~
REF*6R*LNCLM02010005623~
AMT*B6*0.00~
LQ*HE*N381~
CLP*CLM0201001*4*250.00*0.00*0.00*Medicaid*PYR0201001753~
CAS*PI*109*250.00~
NM1*QC*1*Gonzalez*Margaret****MI*PLN15348909~
NM1*82*1*Robinson*Elizabeth****XX*1000029002~
DTM*232*20251009~
DTM*233*20251010~
SVC*HC:95180*250.00*0.00**2~
CAS*PI*109*250.00~
DTM*472*20251009~
REF*6R*LNCLM02010015402~
AMT*B6*0.00~
LQ*HE*N381~
CLP*CLM0201002*4*250.00*0.00*0.00*Medicaid*PYR0201002780~
CAS*OA*109*250.00~
NM1*QC*1*Lee*Sharon****MI*INS43392885~
NM1*82*1*Robinson*Elizabeth****XX*1000029002~
DTM*232*20250906~
DTM*233*20250906~
SVC*HC:95180*250.00*0.00**1~
CAS*OA*109*250.00~
DTM*472*20250906~
REF*6R*LNCLM02010027548~
AMT*B6*0.00~
LQ*HE*N381~
SE*48*00020010~
GE*1*20010~
IEA*1*002000010~