ISA*00*          *00*          *ZZ*ANTM1          *ZZ*1000020102     *20251213*2335*^*00501*002000001*0*P*:~
GS*HP*ANTM1*1000020102*20251213*2335*20001*X*005010X221A1~
ST*835*00020001~
BPR*H*0.00*C*NON************20251213~
TRN*1*TRC020015525*1ANTM1~
DTM*405*20251213~
N1*PR*Anthem*XV*ANTM1~
N3*PO Box 31291~
N4*Charlotte*NC*28201~
N1*PE*Christine Garcia, DO FACP*XX*1000020102~
N3*7599 College Ave~
N4*New York*NY*10001~
REF*TJ*976759612~
CLP*CLM0200100*4*15.00*0.00*0.00*PPO*PYR0200100706~
CAS*CO*27*15.00~
NM1*QC*1*Hall*Charles****MI*MEM13822959~
NM1*82*1*Garcia*Christine****XX*1000020102~
DTM*232*20251024~
DTM*233*20251024~
SVC*HC:86005*15.00*0.00**1~
CAS*CO*27*15.00~
DTM*472*20251024~
REF*6R*LNCLM02001003982~
AMT*B6*0.00~
LQ*HE*N362~
CLP*CLM0200101*4*15.00*0.00*0.00*PPO*PYR0200101265~
CAS*OA*27*15.00~
NM1*QC*1*King*Ashley****MI*GRP35001542~
NM1*82*1*Garcia*Christine****XX*1000020102~
DTM*232*20251127~
DTM*233*20251127~
SVC*HC:95165*15.00*0.00**1~
CAS*OA*27*15.00~
DTM*472*20251127~
REF*6R*LNCLM02001012712~
AMT*B6*0.00~
LQ*HE*N362~
SE*36*00020001~
GE*1*20001~
IEA*1*002000001~