ISA*00*          *00*          *ZZ*91051          *ZZ*1000020302     *20260212*2335*^*00501*002000003*0*P*:~
GS*HP*91051*1000020302*20260212*2335*20003*X*005010X221A1~
ST*835*00020003~
BPR*H*0.00*C*NON************20260212~
TRN*1*TRC020031867*191051~
DTM*405*20260212~
N1*PR*Kaiser Permanente*XV*91051~
N3*PO Box 52475~
N4*Los Angeles*CA*90001~
N1*PE*Michael Walker, MD PhD*XX*1000020302~
N3*8269 Park Dr~
N4*San Antonio*TX*78201~
REF*TJ*511305608~
CLP*CLM0200300*4*75.00*0.00*0.00*HMO*PYR0200300700~
CAS*CO*31*75.00~
NM1*QC*1*Nelson*Robert****MI*PLN76062594~
NM1*82*1*Walker*Michael****XX*1000020302~
DTM*232*20250907~
DTM*233*20250907~
SVC*HC:94060*75.00*0.00**1~
CAS*CO*31*75.00~
DTM*472*20250907~
REF*6R*LNCLM02003007903~
AMT*B6*0.00~
LQ*HE*N362~
CLP*CLM0200301*4*15.00*0.00*0.00*HMO*PYR0200301804~
CAS*OA*22*15.00~
NM1*QC*1*Adams*Patricia****MI*MEM42959189~
NM1*82*1*Walker*Michael****XX*1000020302~
DTM*232*20251030~
DTM*233*20251030~
SVC*HC:95165*15.00*0.00**3~
CAS*OA*22*15.00~
DTM*472*20251030~
REF*6R*LNCLM02003016095~
AMT*B6*0.00~
LQ*HE*N362~
SE*36*00020003~
GE*1*20003~
IEA*1*002000003~