ISA*00*          *00*          *ZZ*CMS            *ZZ*1000043402     *20251128*2335*^*00501*004000004*0*P*:~
GS*HP*CMS*1000043402*20251128*2335*40004*X*005010X221A1~
ST*835*00040004~
BPR*H*0.00*C*NON************20251128~
TRN*1*TRC040044629*1CMS~
DTM*405*20251128~
N1*PR*Medicare Part B*XV*CMS~
N3*PO Box 70373~
N4*Nashville*TN*37201~
N1*PE*Christine Smith, MD*XX*1000043402~
N3*6250 Park Dr~
N4*Houston*TX*77001~
REF*TJ*995301633~
CLP*CLM0400400*4*5000.00*0.00*0.00*Medicare*PYR0400400840~
CAS*CO*97*5000.00~
NM1*QC*1*Sanchez*Susan****MI*MEM91087319~
NM1*82*1*Smith*Christine****XX*1000043402~
DTM*232*20250831~
DTM*233*20250831~
SVC*HC:33533*5000.00*0.00**2~
CAS*CO*97*5000.00~
DTM*472*20250831~
REF*6R*LNCLM04004008275~
AMT*B6*0.00~
LQ*HE*N386~
CLP*CLM0400401*4*425.00*0.00*0.00*Medicare*PYR0400401349~
CAS*CO*97*425.00~
NM1*QC*1*Baker*Daniel****MI*GRP41260070~
NM1*82*1*Smith*Christine****XX*1000043402~
DTM*232*20251218~
DTM*233*20251218~
SVC*HC:93350*425.00*0.00**1~
CAS*CO*97*425.00~
DTM*472*20251218~
REF*6R*LNCLM04004017390~
AMT*B6*0.00~
LQ*HE*N386~
CLP*CLM0400402*4*5000.00*0.00*0.00*Medicare*PYR0400402698~
CAS*CO*97*5000.00~
NM1*QC*1*Taylor*Sharon****MI*INS10876462~
NM1*82*1*Smith*Christine****XX*1000043402~
DTM*232*20260110~
DTM*233*20260110~
SVC*HC:33533*5000.00*0.00**3~
CAS*CO*97*5000.00~
DTM*472*20260110~
REF*6R*LNCLM04004029211~
AMT*B6*0.00~
LQ*HE*N386~
SE*48*00040004~
GE*1*40004~
IEA*1*004000004~