ISA*00*          *00*          *ZZ*60054          *ZZ*1000040102     *20251207*2335*^*00501*004000001*0*P*:~
GS*HP*60054*1000040102*20251207*2335*40001*X*005010X221A1~
ST*835*00040001~
BPR*H*0.00*C*NON************20251207~
TRN*1*TRC040012382*160054~
DTM*405*20251207~
N1*PR*Aetna*XV*60054~
N3*PO Box 79327~
N4*Charlotte*NC*28201~
N1*PE*John Nguyen, DO*XX*1000040102~
N3*5323 Main St~
N4*Charlotte*NC*28201~
REF*TJ*269421807~
CLP*CLM0400100*4*1500.00*0.00*0.00*PPO*PYR0400100754~
CAS*CO*22*1500.00~
NM1*QC*1*Flores*Robert****MI*PLN48143309~
NM1*82*1*Nguyen*John****XX*1000040102~
DTM*232*20251006~
DTM*233*20251006~
SVC*HC:93453*1500.00*0.00**1~
CAS*CO*22*1500.00~
DTM*472*20251006~
REF*6R*LNCLM04001007144~
AMT*B6*0.00~
LQ*HE*N362~
CLP*CLM0400101*4*5000.00*0.00*0.00*PPO*PYR0400101492~
CAS*CO*31*5000.00~
NM1*QC*1*Sanchez*Linda****MI*PLN20959788~
NM1*82*1*Nguyen*John****XX*1000040102~
DTM*232*20250919~
DTM*233*20250919~
SVC*HC:33533*5000.00*0.00**2~
CAS*CO*31*5000.00~
DTM*472*20250919~
REF*6R*LNCLM04001011689~
AMT*B6*0.00~
LQ*HE*N362~
CLP*CLM0400102*4*210.00*0.00*0.00*PPO*PYR0400102304~
CAS*OA*31*210.00~
NM1*QC*1*Rodriguez*Richard****MI*GRP59179078~
NM1*82*1*Nguyen*John****XX*1000040102~
DTM*232*20251001~
DTM*233*20251001~
SVC*HC:99215*210.00*0.00**2~
CAS*OA*31*210.00~
DTM*472*20251001~
REF*6R*LNCLM04001027714~
AMT*B6*0.00~
LQ*HE*N362~
SE*48*00040001~
GE*1*40001~
IEA*1*004000001~