ISA*00*          *00*          *ZZ*CMS            *ZZ*1000043502     *20260114*2335*^*00501*004000005*0*P*:~
GS*HP*CMS*1000043502*20260114*2335*40005*X*005010X221A1~
ST*835*00040005~
BPR*H*0.00*C*NON************20260114~
TRN*1*TRC040058753*1CMS~
DTM*405*20260114~
N1*PR*Medicare Part B*XV*CMS~
N3*PO Box 55674~
N4*Jacksonville*FL*32099~
N1*PE*Elizabeth Kim, DO*XX*1000043502~
N3*9519 Church St~
N4*Columbus*OH*43085~
REF*TJ*329455500~
CLP*CLM0400500*4*175.00*0.00*0.00*Medicare*PYR0400500599~
CAS*CO*97*175.00~
NM1*QC*1*Perez*Melissa****MI*MEM20689752~
NM1*82*1*Kim*Elizabeth****XX*1000043502~
DTM*232*20251013~
DTM*233*20251013~
SVC*HC:93017*175.00*0.00**3~
CAS*CO*97*175.00~
DTM*472*20251013~
REF*6R*LNCLM04005006345~
AMT*B6*0.00~
LQ*HE*N386~
CLP*CLM0400501*4*175.00*0.00*0.00*Medicare*PYR0400501586~
CAS*CO*11*175.00~
NM1*QC*1*Torres*Kimberly****MI*PLN53354827~
NM1*82*1*Kim*Elizabeth****XX*1000043502~
DTM*232*20251211~
DTM*233*20251211~
SVC*HC:93017*175.00*0.00**1~
CAS*CO*11*175.00~
DTM*472*20251211~
REF*6R*LNCLM04005011411~
AMT*B6*0.00~
LQ*HE*N386~
CLP*CLM0400502*4*250.00*0.00*0.00*Medicare*PYR0400502224~
CAS*CO*4*250.00~
NM1*QC*1*Williams*Paul****MI*MEM10553761~
NM1*82*1*Kim*Elizabeth****XX*1000043502~
DTM*232*20251213~
DTM*233*20251213~
SVC*HC:93880*250.00*0.00**3~
CAS*CO*4*250.00~
DTM*472*20251213~
REF*6R*LNCLM04005025832~
AMT*B6*0.00~
LQ*HE*N386~
SE*48*00040005~
GE*1*40005~
IEA*1*004000005~