ISA*00*          *00*          *ZZ*60054          *ZZ*1000048902     *20260103*2335*^*00501*004000009*0*P*:~
GS*HP*60054*1000048902*20260103*2335*40009*X*005010X221A1~
ST*835*00040009~
BPR*H*0.00*C*NON************20260103~
TRN*1*TRC040095343*160054~
DTM*405*20260103~
N1*PR*Aetna*XV*60054~
N3*PO Box 98959~
N4*Indianapolis*IN*46201~
N1*PE*David Williams, MD*XX*1000048902~
N3*9022 Main St~
N4*Nashville*TN*37201~
REF*TJ*413215788~
CLP*CLM0400900*4*45.00*0.00*0.00*PPO*PYR0400900202~
CAS*OA*109*45.00~
NM1*QC*1*Martinez*Paul****MI*INS21980903~
NM1*82*1*Williams*David****XX*1000048902~
DTM*232*20251031~
DTM*233*20251101~
SVC*HC:93279*45.00*0.00**2~
CAS*OA*109*45.00~
DTM*472*20251031~
REF*6R*LNCLM04009006745~
AMT*B6*0.00~
LQ*HE*N381~
CLP*CLM0400901*4*45.00*0.00*0.00*PPO*PYR0400901305~
CAS*PI*222*45.00~
NM1*QC*1*Anderson*Christopher****MI*INS90310166~
NM1*82*1*Williams*David****XX*1000048902~
DTM*232*20251004~
DTM*233*20251004~
SVC*HC:93279*45.00*0.00**1~
CAS*PI*222*45.00~
DTM*472*20251004~
REF*6R*LNCLM04009015478~
AMT*B6*0.00~
LQ*HE*N381~
SE*36*00040009~
GE*1*40009~
IEA*1*004000009~