ISA*00*          *00*          *ZZ*91051          *ZZ*1000002102     *20260212*2335*^*00501*004000011*0*P*:~
GS*HP*91051*1000002102*20260212*2335*40011*X*005010X221A1~
ST*835*00040011~
BPR*H*766.41*C*NON************20260212~
TRN*1*TRC040111143*191051~
DTM*405*20260212~
N1*PR*Kaiser Permanente*XV*91051~
N3*PO Box 26917~
N4*Chicago*IL*60601~
N1*PE*Michael Clark, MD*XX*1000002102~
N3*5524 Lake Rd~
N4*Indianapolis*IN*46201~
REF*TJ*517956746~
CLP*CLM0401100*4*1200.00*0.00*0.00*HMO*PYR0401100459~
CAS*PI*197*1200.00~
NM1*QC*1*Nelson*Dorothy****MI*GRP19632962~
NM1*82*1*Clark*Michael****XX*1000002102~
DTM*232*20251127~
DTM*233*20251127~
SVC*HC:93458*1200.00*0.00**2~
CAS*PI*197*1200.00~
DTM*472*20251127~
REF*6R*LNCLM04011001868~
AMT*B6*0.00~
LQ*HE*N95~
CLP*CLM0401101*2*1200.00*534.85*216.09*HMO*PYR0401101696~
CAS*PI*50*449.06~
CAS*PR*2*216.09~
NM1*QC*1*Robinson*Michelle****MI*INS30892850~
NM1*82*1*Clark*Michael****XX*1000002102~
DTM*232*20251219~
DTM*233*20251219~
SVC*HC:93458*1200.00*534.85**2~
CAS*PI*50*449.06~
CAS*PR*2*216.09~
DTM*472*20251219~
REF*6R*LNCLM04011013796~
AMT*B6*750.94~
LQ*HE*M15~
CLP*CLM0401102*2*425.00*153.00*47.71*HMO*PYR0401102735~
CAS*OA*109*224.29~
CAS*PR*2*47.71~
NM1*QC*1*Harris*Karen****MI*GRP93778981~
NM1*82*1*Clark*Michael****XX*1000002102~
DTM*232*20251130~
DTM*233*20251130~
SVC*HC:93350*425.00*153.00**1~
CAS*OA*109*224.29~
CAS*PR*2*47.71~
DTM*472*20251130~
REF*6R*LNCLM04011028129~
AMT*B6*200.71~
LQ*HE*N381~
CLP*CLM0401103*2*425.00*78.56*27.02*HMO*PYR0401103910~
CAS*PI*197*319.42~
CAS*PR*3*27.02~
NM1*QC*1*Moore*Amanda****MI*INS67265221~
NM1*82*1*Clark*Michael****XX*1000002102~
DTM*232*20251118~
DTM*233*20251119~
SVC*HC:93350*425.00*78.56**2~
CAS*PI*197*319.42~
CAS*PR*3*27.02~
DTM*472*20251118~
REF*6R*LNCLM04011035065~
AMT*B6*105.58~
LQ*HE*N386~
CLP*CLM0401104*4*45.00*0.00*0.00*HMO*PYR0401104341~
CAS*CO*197*45.00~
NM1*QC*1*Brown*Rebecca****MI*INS97483807~
NM1*82*1*Clark*Michael****XX*1000002102~
DTM*232*20251021~
DTM*233*20251022~
SVC*HC:93279*45.00*0.00**1~
CAS*CO*197*45.00~
DTM*472*20251021~
REF*6R*LNCLM04011048790~
AMT*B6*0.00~
LQ*HE*N362~
CLP*CLM0401105*4*1200.00*0.00*0.00*HMO*PYR0401105916~
CAS*CO*96*1200.00~
NM1*QC*1*Jones*Sharon****MI*PLN80004511~
NM1*82*1*Clark*Michael****XX*1000002102~
DTM*232*20251028~
DTM*233*20251028~
SVC*HC:93458*1200.00*0.00**2~
CAS*CO*96*1200.00~
DTM*472*20251028~
REF*6R*LNCLM04011059959~
AMT*B6*0.00~
LQ*HE*MA04~
SE*90*00040011~
GE*1*40011~
IEA*1*004000011~