ISA*00*          *00*          *ZZ*99726          *ZZ*1000002202     *20260102*2335*^*00501*004000012*0*P*:~
GS*HP*99726*1000002202*20260102*2335*40012*X*005010X221A1~
ST*835*00040012~
BPR*H*0.00*C*NON************20260102~
TRN*1*TRC040123776*199726~
DTM*405*20260102~
N1*PR*Tricare*XV*99726~
N3*PO Box 45634~
N4*Austin*TX*73301~
N1*PE*Angela Hall, DO FACP*XX*1000002202~
N3*6080 Washington Ave~
N4*Jacksonville*FL*32099~
REF*TJ*877705323~
CLP*CLM0401200*4*175.00*0.00*0.00*Government*PYR0401200787~
CAS*CO*167*175.00~
NM1*QC*1*Lee*Michael****MI*PLN82848309~
NM1*82*1*Hall*Angela****XX*1000002202~
DTM*232*20251020~
DTM*233*20251021~
SVC*HC:93017*175.00*0.00**1~
CAS*CO*167*175.00~
DTM*472*20251020~
REF*6R*LNCLM04012002950~
AMT*B6*0.00~
LQ*HE*N95~
CLP*CLM0401201*4*275.00*0.00*0.00*Government*PYR0401201419~
CAS*PI*27*275.00~
NM1*QC*1*Lopez*Donna****MI*GRP27983230~
NM1*82*1*Hall*Angela****XX*1000002202~
DTM*232*20251012~
DTM*233*20251013~
SVC*HC:99205*275.00*0.00**1~
CAS*PI*27*275.00~
DTM*472*20251012~
REF*6R*LNCLM04012013065~
AMT*B6*0.00~
LQ*HE*MA04~
CLP*CLM0401202*4*35.00*0.00*0.00*Government*PYR0401202414~
CAS*PI*222*35.00~
NM1*QC*1*Nelson*Laura****MI*GRP48840238~
NM1*82*1*Hall*Angela****XX*1000002202~
DTM*232*20250923~
DTM*233*20250923~
SVC*HC:93000*35.00*0.00**1~
CAS*PI*222*35.00~
DTM*472*20250923~
REF*6R*LNCLM04012028594~
AMT*B6*0.00~
LQ*HE*MA04~
CLP*CLM0401203*4*425.00*0.00*46.35*Government*PYR0401203254~
CAS*PI*27*378.65~
CAS*PR*3*46.35~
NM1*QC*1*Green*Kenneth****MI*MEM23041347~
NM1*82*1*Hall*Angela****XX*1000002202~
DTM*232*20251121~
DTM*233*20251121~
SVC*HC:93350*425.00*0.00**1~
CAS*PI*27*378.65~
CAS*PR*3*46.35~
DTM*472*20251121~
REF*6R*LNCLM04012033943~
AMT*B6*0.00~
LQ*HE*N95~
CLP*CLM0401204*4*145.00*0.00*0.00*Government*PYR0401204311~
CAS*OA*96*145.00~
NM1*QC*1*Clark*Timothy****MI*INS73941568~
NM1*82*1*Hall*Angela****XX*1000002202~
DTM*232*20251212~
DTM*233*20251213~
SVC*HC:99214*145.00*0.00**1~
CAS*OA*96*145.00~
DTM*472*20251212~
REF*6R*LNCLM04012043985~
AMT*B6*0.00~
LQ*HE*N479~
SE*74*00040012~
GE*1*40012~
IEA*1*004000012~