ISA*00*          *00*          *ZZ*61101          *ZZ*1000046802     *20260113*2335*^*00501*004000008*0*P*:~
GS*HP*61101*1000046802*20260113*2335*40008*X*005010X221A1~
ST*835*00040008~
BPR*H*0.00*C*NON************20260113~
TRN*1*TRC040081034*161101~
DTM*405*20260113~
N1*PR*Humana*XV*61101~
N3*PO Box 30619~
N4*Columbus*OH*43085~
N1*PE*Daniel Johnson, DO FACP*XX*1000046802~
N3*4141 River Rd~
N4*New York*NY*10001~
REF*TJ*977093476~
CLP*CLM0400800*4*225.00*0.00*0.00*HMO*PYR0400800939~
CAS*PI*197*225.00~
NM1*QC*1*Williams*Robert****MI*MEM62027817~
NM1*82*1*Johnson*Daniel****XX*1000046802~
DTM*232*20251013~
DTM*233*20251013~
SVC*HC:93971*225.00*0.00**3~
CAS*PI*197*225.00~
DTM*472*20251013~
REF*6R*LNCLM04008003845~
AMT*B6*0.00~
LQ*HE*MA130~
CLP*CLM0400801*4*210.00*0.00*0.00*HMO*PYR0400801483~
CAS*PI*50*210.00~
NM1*QC*1*Gonzalez*Anthony****MI*MEM82764582~
NM1*82*1*Johnson*Daniel****XX*1000046802~
DTM*232*20250921~
DTM*233*20250921~
SVC*HC:99215*210.00*0.00**2~
CAS*PI*50*210.00~
DTM*472*20250921~
REF*6R*LNCLM04008016386~
AMT*B6*0.00~
LQ*HE*MA130~
SE*36*00040008~
GE*1*40008~
IEA*1*004000008~