ISA*00*          *00*          *ZZ*62308          *ZZ*1000046702     *20260206*2335*^*00501*004000007*0*P*:~
GS*HP*62308*1000046702*20260206*2335*40007*X*005010X221A1~
ST*835*00040007~
BPR*H*0.00*C*NON************20260206~
TRN*1*TRC040074515*162308~
DTM*405*20260206~
N1*PR*Cigna*XV*62308~
N3*PO Box 32089~
N4*Los Angeles*CA*90001~
N1*PE*Maria Johnson, MD*XX*1000046702~
N3*4227 Forest Dr~
N4*Fort Worth*TX*76101~
REF*TJ*745024231~
CLP*CLM0400700*4*275.00*0.00*0.00*PPO*PYR0400700513~
CAS*PI*197*275.00~
NM1*QC*1*Lopez*Jeffrey****MI*PLN13754366~
NM1*82*1*Johnson*Maria****XX*1000046702~
DTM*232*20251230~
DTM*233*20251231~
SVC*HC:99205*275.00*0.00**1~
CAS*PI*197*275.00~
DTM*472*20251230~
REF*6R*LNCLM04007005780~
AMT*B6*0.00~
LQ*HE*MA130~
CLP*CLM0400701*4*350.00*0.00*0.00*PPO*PYR0400701807~
CAS*PI*197*350.00~
NM1*QC*1*Hernandez*Jeffrey****MI*MEM28288101~
NM1*82*1*Johnson*Maria****XX*1000046702~
DTM*232*20251115~
DTM*233*20251115~
SVC*HC:93306*350.00*0.00**1~
CAS*PI*197*350.00~
DTM*472*20251115~
REF*6R*LNCLM04007019527~
AMT*B6*0.00~
LQ*HE*MA130~
SE*36*00040007~
GE*1*40007~
IEA*1*004000007~