ISA*00*          *00*          *ZZ*87726          *ZZ*1000049002     *20251219*2335*^*00501*004000010*0*P*:~
GS*HP*87726*1000049002*20251219*2335*40010*X*005010X221A1~
ST*835*00040010~
BPR*H*0.00*C*NON************20251219~
TRN*1*TRC040106561*187726~
DTM*405*20251219~
N1*PR*UnitedHealthcare*XV*87726~
N3*PO Box 60686~
N4*Columbus*OH*43085~
N1*PE*John Martinez, MD FACS*XX*1000049002~
N3*9781 Park Dr~
N4*Philadelphia*PA*19101~
REF*TJ*278840954~
CLP*CLM0401000*4*5000.00*0.00*0.00*PPO*PYR0401000897~
CAS*OA*96*5000.00~
NM1*QC*1*White*Elizabeth****MI*GRP38397955~
NM1*82*1*Martinez*John****XX*1000049002~
DTM*232*20251006~
DTM*233*20251006~
SVC*HC:33533*5000.00*0.00**1~
CAS*OA*96*5000.00~
DTM*472*20251006~
REF*6R*LNCLM04010009857~
AMT*B6*0.00~
LQ*HE*N381~
CLP*CLM0401001*4*175.00*0.00*0.00*PPO*PYR0401001434~
CAS*OA*222*175.00~
NM1*QC*1*Rivera*Mark****MI*GRP59409253~
NM1*82*1*Martinez*John****XX*1000049002~
DTM*232*20250928~
DTM*233*20250928~
SVC*HC:93017*175.00*0.00**3~
CAS*OA*222*175.00~
DTM*472*20250928~
REF*6R*LNCLM04010011990~
AMT*B6*0.00~
LQ*HE*N381~
CLP*CLM0401002*4*1500.00*0.00*0.00*PPO*PYR0401002700~
CAS*PI*109*1500.00~
NM1*QC*1*Lopez*Andrew****MI*MEM71059741~
NM1*82*1*Martinez*John****XX*1000049002~
DTM*232*20250906~
DTM*233*20250907~
SVC*HC:93453*1500.00*0.00**1~
CAS*PI*109*1500.00~
DTM*472*20250906~
REF*6R*LNCLM04010023486~
AMT*B6*0.00~
LQ*HE*N381~
SE*48*00040010~
GE*1*40010~
IEA*1*004000010~