ISA*00*          *00*          *ZZ*99726          *ZZ*1000040302     *20251224*2335*^*00501*004000003*0*P*:~
GS*HP*99726*1000040302*20251224*2335*40003*X*005010X221A1~
ST*835*00040003~
BPR*H*0.00*C*NON************20251224~
TRN*1*TRC040033164*199726~
DTM*405*20251224~
N1*PR*Tricare*XV*99726~
N3*PO Box 88734~
N4*Dallas*TX*75201~
N1*PE*Patricia Nguyen, DO FACP*XX*1000040302~
N3*5599 Market St~
N4*Columbus*OH*43085~
REF*TJ*457724961~
CLP*CLM0400300*4*175.00*0.00*0.00*Government*PYR0400300650~
CAS*CO*22*175.00~
NM1*QC*1*Brown*Kenneth****MI*PLN13981707~
NM1*82*1*Nguyen*Patricia****XX*1000040302~
DTM*232*20251231~
DTM*233*20251231~
SVC*HC:93017*175.00*0.00**1~
CAS*CO*22*175.00~
DTM*472*20251231~
REF*6R*LNCLM04003008246~
AMT*B6*0.00~
LQ*HE*N362~
CLP*CLM0400301*4*45.00*0.00*0.00*Government*PYR0400301172~
CAS*CO*22*45.00~
NM1*QC*1*Harris*Emily****MI*GRP35177677~
NM1*82*1*Nguyen*Patricia****XX*1000040302~
DTM*232*20260119~
DTM*233*20260120~
SVC*HC:93279*45.00*0.00**3~
CAS*CO*22*45.00~
DTM*472*20260119~
REF*6R*LNCLM04003014789~
AMT*B6*0.00~
LQ*HE*N362~
SE*36*00040003~
GE*1*40003~
IEA*1*004000003~