ISA*00*          *00*          *ZZ*99726          *ZZ*1000043602     *20260124*2335*^*00501*004000006*0*P*:~
GS*HP*99726*1000043602*20260124*2335*40006*X*005010X221A1~
ST*835*00040006~
BPR*H*0.00*C*NON************20260124~
TRN*1*TRC040065162*199726~
DTM*405*20260124~
N1*PR*Tricare*XV*99726~
N3*PO Box 52852~
N4*Seattle*WA*98101~
N1*PE*Daniel Williams, DO*XX*1000043602~
N3*4513 Pine St~
N4*Seattle*WA*98101~
REF*TJ*913002132~
CLP*CLM0400600*4*275.00*0.00*0.00*Government*PYR0400600261~
CAS*CO*97*275.00~
NM1*QC*1*Taylor*Kimberly****MI*PLN88883030~
NM1*82*1*Williams*Daniel****XX*1000043602~
DTM*232*20260116~
DTM*233*20260116~
SVC*HC:99205*275.00*0.00**2~
CAS*CO*97*275.00~
DTM*472*20260116~
REF*6R*LNCLM04006001251~
AMT*B6*0.00~
LQ*HE*N386~
CLP*CLM0400601*4*425.00*0.00*0.00*Government*PYR0400601656~
CAS*CO*97*425.00~
NM1*QC*1*Perez*Jason****MI*MEM73567891~
NM1*82*1*Williams*Daniel****XX*1000043602~
DTM*232*20250913~
DTM*233*20250913~
SVC*HC:93350*425.00*0.00**1~
CAS*CO*97*425.00~
DTM*472*20250913~
REF*6R*LNCLM04006019169~
AMT*B6*0.00~
LQ*HE*N386~
SE*36*00040006~
GE*1*40006~
IEA*1*004000006~