ISA*00*          *00*          *ZZ*91051          *ZZ*1000040202     *20260113*2335*^*00501*004000002*0*P*:~
GS*HP*91051*1000040202*20260113*2335*40002*X*005010X221A1~
ST*835*00040002~
BPR*H*0.00*C*NON************20260113~
TRN*1*TRC040029436*191051~
DTM*405*20260113~
N1*PR*Kaiser Permanente*XV*91051~
N3*PO Box 25532~
N4*Charlotte*NC*28201~
N1*PE*Karen Thompson, MD*XX*1000040202~
N3*567 Main St~
N4*Phoenix*AZ*85001~
REF*TJ*123292785~
CLP*CLM0400200*4*175.00*0.00*0.00*HMO*PYR0400200431~
CAS*OA*31*175.00~
NM1*QC*1*Green*Richard****MI*PLN64173220~
NM1*82*1*Thompson*Karen****XX*1000040202~
DTM*232*20251227~
DTM*233*20251228~
SVC*HC:93017*175.00*0.00**1~
CAS*OA*31*175.00~
DTM*472*20251227~
REF*6R*LNCLM04002008972~
AMT*B6*0.00~
LQ*HE*N362~
CLP*CLM0400201*4*45.00*0.00*0.00*HMO*PYR0400201485~
CAS*OA*22*45.00~
NM1*QC*1*Rivera*Jacob****MI*INS14395676~
NM1*82*1*Thompson*Karen****XX*1000040202~
DTM*232*20251125~
DTM*233*20251126~
SVC*HC:93279*45.00*0.00**1~
CAS*OA*22*45.00~
DTM*472*20251125~
REF*6R*LNCLM04002017872~
AMT*B6*0.00~
LQ*HE*N362~
SE*36*00040002~
GE*1*40002~
IEA*1*004000002~