ISA*00*          *00*          *ZZ*87726          *ZZ*1000033502     *20251122*2335*^*00501*008000005*0*P*:~
GS*HP*87726*1000033502*20251122*2335*80005*X*005010X221A1~
ST*835*00080005~
BPR*H*0.00*C*NON************20251122~
TRN*1*TRC080055533*187726~
DTM*405*20251122~
N1*PR*UnitedHealthcare*XV*87726~
N3*PO Box 64795~
N4*Los Angeles*CA*90001~
N1*PE*Christine Wright, MD*XX*1000033502~
N3*361 Highland Ave~
N4*Jacksonville*FL*32099~
REF*TJ*205927039~
CLP*CLM0800500*4*850.00*0.00*0.00*PPO*PYR0800500666~
CAS*CO*97*850.00~
NM1*QC*1*Davis*Betty****MI*PLN82684285~
NM1*82*1*Wright*Christine****XX*1000033502~
DTM*232*20250830~
DTM*233*20250831~
SVC*HC:45385*850.00*0.00**1~
CAS*CO*97*850.00~
DTM*472*20250830~
REF*6R*LNCLM08005005879~
AMT*B6*0.00~
LQ*HE*N386~
CLP*CLM0800501*4*475.00*0.00*0.00*PPO*PYR0800501770~
CAS*CO*167*475.00~
NM1*QC*1*Baker*Melissa****MI*GRP46931655~
NM1*82*1*Wright*Christine****XX*1000033502~
DTM*232*20250825~
DTM*233*20250825~
SVC*HC:74177*475.00*0.00**2~
CAS*CO*167*475.00~
DTM*472*20250825~
REF*6R*LNCLM08005019272~
AMT*B6*0.00~
LQ*HE*N386~
CLP*CLM0800502*4*175.00*0.00*0.00*PPO*PYR0800502412~
CAS*CO*167*175.00~
NM1*QC*1*Brown*Laura****MI*MEM57958686~
NM1*82*1*Wright*Christine****XX*1000033502~
DTM*232*20251009~
DTM*233*20251009~
SVC*HC:76700*175.00*0.00**1~
CAS*CO*167*175.00~
DTM*472*20251009~
REF*6R*LNCLM08005024998~
AMT*B6*0.00~
LQ*HE*N386~
SE*48*00080005~
GE*1*80005~
IEA*1*008000005~