ISA*00*          *00*          *ZZ*99726          *ZZ*1000036802     *20251213*2335*^*00501*008000008*0*P*:~
GS*HP*99726*1000036802*20251213*2335*80008*X*005010X221A1~
ST*835*00080008~
BPR*H*0.00*C*NON************20251213~
TRN*1*TRC080086305*199726~
DTM*405*20251213~
N1*PR*Tricare*XV*99726~
N3*PO Box 79854~
N4*Fort Worth*TX*76101~
N1*PE*James Nguyen, MD*XX*1000036802~
N3*6469 Main St~
N4*Fort Worth*TX*76101~
REF*TJ*603544296~
CLP*CLM0800800*4*750.00*0.00*0.00*Government*PYR0800800945~
CAS*PI*197*750.00~
NM1*QC*1*Garcia*Jacob****MI*GRP70511712~
NM1*82*1*Nguyen*James****XX*1000036802~
DTM*232*20251223~
DTM*233*20251224~
SVC*HC:45380*750.00*0.00**1~
CAS*PI*197*750.00~
DTM*472*20251223~
REF*6R*LNCLM08008005268~
AMT*B6*0.00~
LQ*HE*MA130~
CLP*CLM0800801*4*145.00*0.00*0.00*Government*PYR0800801371~
CAS*CO*50*145.00~
NM1*QC*1*Robinson*Sarah****MI*PLN20562237~
NM1*82*1*Nguyen*James****XX*1000036802~
DTM*232*20250927~
DTM*233*20250927~
SVC*HC:99214*145.00*0.00**3~
CAS*CO*50*145.00~
DTM*472*20250927~
REF*6R*LNCLM08008018590~
AMT*B6*0.00~
LQ*HE*MA130~
SE*36*00080008~
GE*1*80008~
IEA*1*008000008~