ISA*00*          *00*          *ZZ*87726          *ZZ*1000039002     *20251229*2335*^*00501*008000010*0*P*:~
GS*HP*87726*1000039002*20251229*2335*80010*X*005010X221A1~
ST*835*00080010~
BPR*H*0.00*C*NON************20251229~
TRN*1*TRC080104207*187726~
DTM*405*20251229~
N1*PR*UnitedHealthcare*XV*87726~
N3*PO Box 15279~
N4*Dallas*TX*75201~
N1*PE*Angela Martinez, MD*XX*1000039002~
N3*6615 River Rd~
N4*San Antonio*TX*78201~
REF*TJ*162474669~
CLP*CLM0801000*4*500.00*0.00*0.00*PPO*PYR0801000948~
CAS*OA*109*500.00~
NM1*QC*1*Miller*Brian****MI*MEM73112434~
NM1*82*1*Martinez*Angela****XX*1000039002~
DTM*232*20250903~
DTM*233*20250903~
SVC*HC:43239*500.00*0.00**1~
CAS*OA*109*500.00~
DTM*472*20250903~
REF*6R*LNCLM08010001442~
AMT*B6*0.00~
LQ*HE*N381~
CLP*CLM0801001*4*750.00*0.00*0.00*PPO*PYR0801001912~
CAS*OA*96*750.00~
NM1*QC*1*Nelson*Jessica****MI*PLN65491293~
NM1*82*1*Martinez*Angela****XX*1000039002~
DTM*232*20251202~
DTM*233*20251203~
SVC*HC:45380*750.00*0.00**3~
CAS*OA*96*750.00~
DTM*472*20251202~
REF*6R*LNCLM08010018535~
AMT*B6*0.00~
LQ*HE*N381~
SE*36*00080010~
GE*1*80010~
IEA*1*008000010~