ISA*00*          *00*          *ZZ*CMS            *ZZ*1000042102     *20251223*2335*^*00501*008000011*0*P*:~
GS*HP*CMS*1000042102*20251223*2335*80011*X*005010X221A1~
ST*835*00080011~
BPR*H*291.08*C*NON************20251223~
TRN*1*TRC080118260*1CMS~
DTM*405*20251223~
N1*PR*Medicare Part B*XV*CMS~
N3*PO Box 83391~
N4*Jacksonville*FL*32099~
N1*PE*Angela Clark, MD PhD*XX*1000042102~
N3*2921 Market St~
N4*Charlotte*NC*28201~
REF*TJ*338285531~
CLP*CLM0801100*4*175.00*0.00*0.00*Medicare*PYR0801100877~
CAS*CO*96*175.00~
NM1*QC*1*White*Elizabeth****MI*GRP47929421~
NM1*82*1*Clark*Angela****XX*1000042102~
DTM*232*20251229~
DTM*233*20251229~
SVC*HC:76700*175.00*0.00**1~
CAS*CO*96*175.00~
DTM*472*20251229~
REF*6R*LNCLM08011008467~
AMT*B6*0.00~
LQ*HE*N95~
CLP*CLM0801101*2*600.00*122.26*98.40*Medicare*PYR0801101237~
CAS*PI*167*379.34~
CAS*PR*2*98.40~
NM1*QC*1*Rivera*Melissa****MI*GRP59590459~
NM1*82*1*Clark*Angela****XX*1000042102~
DTM*232*20251003~
DTM*233*20251003~
SVC*HC:43249*600.00*122.26**1~
CAS*PI*167*379.34~
CAS*PR*2*98.40~
DTM*472*20251003~
REF*6R*LNCLM08011016302~
AMT*B6*220.66~
LQ*HE*MA130~
CLP*CLM0801102*2*475.00*168.82*29.50*Medicare*PYR0801102549~
CAS*CO*31*276.68~
CAS*PR*3*29.50~
NM1*QC*1*Wright*Edward****MI*INS10640136~
NM1*82*1*Clark*Angela****XX*1000042102~
DTM*232*20260101~
DTM*233*20260101~
SVC*HC:74177*475.00*168.82**2~
CAS*CO*31*276.68~
CAS*PR*3*29.50~
DTM*472*20260101~
REF*6R*LNCLM08011022165~
AMT*B6*198.32~
LQ*HE*N386~
CLP*CLM0801103*4*650.00*0.00*0.00*Medicare*PYR0801103359~
CAS*OA*50*650.00~
NM1*QC*1*Walker*Daniel****MI*INS15432159~
NM1*82*1*Clark*Angela****XX*1000042102~
DTM*232*20251206~
DTM*233*20251206~
SVC*HC:45378*650.00*0.00**2~
CAS*OA*50*650.00~
DTM*472*20251206~
REF*6R*LNCLM08011037217~
AMT*B6*0.00~
LQ*HE*N362~
SE*64*00080011~
GE*1*80011~
IEA*1*008000011~