ISA*00*          *00*          *ZZ*BCBS1          *ZZ*1000042202     *20260127*2335*^*00501*008000012*0*P*:~
GS*HP*BCBS1*1000042202*20260127*2335*80012*X*005010X221A1~
ST*835*00080012~
BPR*H*81.62*C*NON************20260127~
TRN*1*TRC080129857*1BCBS1~
DTM*405*20260127~
N1*PR*Blue Cross Blue Shield*XV*BCBS1~
N3*PO Box 93484~
N4*San Diego*CA*92101~
N1*PE*Rebecca Brown, MD*XX*1000042202~
N3*274 Cedar Ln~
N4*Philadelphia*PA*19101~
REF*TJ*538574526~
CLP*CLM0801200*2*275.00*81.62*21.15*HMO*PYR0801200369~
CAS*PI*167*172.23~
CAS*PR*2*21.15~
NM1*QC*1*Taylor*George****MI*PLN64389942~
NM1*82*1*Brown*Rebecca****XX*1000042202~
DTM*232*20251229~
DTM*233*20251230~
SVC*HC:99205*275.00*81.62**2~
CAS*PI*167*172.23~
CAS*PR*2*21.15~
DTM*472*20251229~
REF*6R*LNCLM08012003332~
AMT*B6*102.77~
LQ*HE*M15~
CLP*CLM0801201*4*850.00*0.00*0.00*HMO*PYR0801201796~
CAS*OA*4*850.00~
NM1*QC*1*Young*James****MI*MEM18571393~
NM1*82*1*Brown*Rebecca****XX*1000042202~
DTM*232*20251124~
DTM*233*20251124~
SVC*HC:45385*850.00*0.00**2~
CAS*OA*4*850.00~
DTM*472*20251124~
REF*6R*LNCLM08012011897~
AMT*B6*0.00~
LQ*HE*N362~
CLP*CLM0801202*4*275.00*0.00*0.00*HMO*PYR0801202967~
CAS*OA*222*275.00~
NM1*QC*1*Harris*Betty****MI*INS24513282~
NM1*82*1*Brown*Rebecca****XX*1000042202~
DTM*232*20250919~
DTM*233*20250920~
SVC*HC:99205*275.00*0.00**1~
CAS*OA*222*275.00~
DTM*472*20250919~
REF*6R*LNCLM08012028118~
AMT*B6*0.00~
LQ*HE*N362~
CLP*CLM0801203*4*550.00*0.00*0.00*HMO*PYR0801203931~
CAS*OA*4*550.00~
NM1*QC*1*Johnson*George****MI*MEM55800784~
NM1*82*1*Brown*Rebecca****XX*1000042202~
DTM*232*20251126~
DTM*233*20251127~
SVC*HC:43247*550.00*0.00**2~
CAS*OA*4*550.00~
DTM*472*20251126~
REF*6R*LNCLM08012039390~
AMT*B6*0.00~
LQ*HE*MA130~
CLP*CLM0801204*4*210.00*0.00*0.00*HMO*PYR0801204932~
CAS*CO*97*210.00~
NM1*QC*1*Gonzalez*Richard****MI*INS98431932~
NM1*82*1*Brown*Rebecca****XX*1000042202~
DTM*232*20251230~
DTM*233*20251230~
SVC*HC:99215*210.00*0.00**1~
CAS*CO*97*210.00~
DTM*472*20251230~
REF*6R*LNCLM08012043240~
AMT*B6*0.00~
LQ*HE*N381~
SE*74*00080012~
GE*1*80012~
IEA*1*008000012~