ISA*00*          *00*          *ZZ*ANTM1          *ZZ*1000030102     *20251217*2335*^*00501*008000001*0*P*:~
GS*HP*ANTM1*1000030102*20251217*2335*80001*X*005010X221A1~
ST*835*00080001~
BPR*H*0.00*C*NON************20251217~
TRN*1*TRC080015447*1ANTM1~
DTM*405*20251217~
N1*PR*Anthem*XV*ANTM1~
N3*PO Box 71592~
N4*Chicago*IL*60601~
N1*PE*Elizabeth Wright, MD PhD*XX*1000030102~
N3*5153 Valley View Dr~
N4*Jacksonville*FL*32099~
REF*TJ*362107243~
CLP*CLM0800100*4*175.00*0.00*0.00*PPO*PYR0800100731~
CAS*OA*31*175.00~
NM1*QC*1*Clark*Timothy****MI*PLN23837327~
NM1*82*1*Wright*Elizabeth****XX*1000030102~
DTM*232*20251027~
DTM*233*20251027~
SVC*HC:76700*175.00*0.00**1~
CAS*OA*31*175.00~
DTM*472*20251027~
REF*6R*LNCLM08001001314~
AMT*B6*0.00~
LQ*HE*N362~
CLP*CLM0800101*4*650.00*0.00*0.00*PPO*PYR0800101785~
CAS*OA*22*650.00~
NM1*QC*1*Lee*Nancy****MI*MEM15351608~
NM1*82*1*Wright*Elizabeth****XX*1000030102~
DTM*232*20251114~
DTM*233*20251115~
SVC*HC:45378*650.00*0.00**1~
CAS*OA*22*650.00~
DTM*472*20251114~
REF*6R*LNCLM08001012714~
AMT*B6*0.00~
LQ*HE*N362~
CLP*CLM0800102*4*175.00*0.00*0.00*PPO*PYR0800102286~
CAS*OA*22*175.00~
NM1*QC*1*Sanchez*Cynthia****MI*INS97646565~
NM1*82*1*Wright*Elizabeth****XX*1000030102~
DTM*232*20251012~
DTM*233*20251012~
SVC*HC:76700*175.00*0.00**1~
CAS*OA*22*175.00~
DTM*472*20251012~
REF*6R*LNCLM08001026390~
AMT*B6*0.00~
LQ*HE*N362~
SE*48*00080001~
GE*1*80001~
IEA*1*008000001~