ISA*00*          *00*          *ZZ*91051          *ZZ*1000030202     *20251204*2335*^*00501*008000002*0*P*:~
GS*HP*91051*1000030202*20251204*2335*80002*X*005010X221A1~
ST*835*00080002~
BPR*H*0.00*C*NON************20251204~
TRN*1*TRC080024184*191051~
DTM*405*20251204~
N1*PR*Kaiser Permanente*XV*91051~
N3*PO Box 56450~
N4*Indianapolis*IN*46201~
N1*PE*Angela Scott, MD*XX*1000030202~
N3*662 Hill St~
N4*Indianapolis*IN*46201~
REF*TJ*794565222~
CLP*CLM0800200*4*175.00*0.00*0.00*HMO*PYR0800200962~
CAS*CO*31*175.00~
NM1*QC*1*Williams*James****MI*MEM52369550~
NM1*82*1*Scott*Angela****XX*1000030202~
DTM*232*20251202~
DTM*233*20251202~
SVC*HC:76700*175.00*0.00**1~
CAS*CO*31*175.00~
DTM*472*20251202~
REF*6R*LNCLM08002005105~
AMT*B6*0.00~
LQ*HE*N362~
CLP*CLM0800201*4*600.00*0.00*0.00*HMO*PYR0800201678~
CAS*OA*27*600.00~
NM1*QC*1*Miller*Nancy****MI*INS92017381~
NM1*82*1*Scott*Angela****XX*1000030202~
DTM*232*20250908~
DTM*233*20250908~
SVC*HC:43249*600.00*0.00**2~
CAS*OA*27*600.00~
DTM*472*20250908~
REF*6R*LNCLM08002015510~
AMT*B6*0.00~
LQ*HE*N362~
SE*36*00080002~
GE*1*80002~
IEA*1*008000002~