ISA*00*          *00*          *ZZ*ANTM1          *ZZ*1000038902     *20251216*2335*^*00501*008000009*0*P*:~
GS*HP*ANTM1*1000038902*20251216*2335*80009*X*005010X221A1~
ST*835*00080009~
BPR*H*0.00*C*NON************20251216~
TRN*1*TRC080095226*1ANTM1~
DTM*405*20251216~
N1*PR*Anthem*XV*ANTM1~
N3*PO Box 34834~
N4*San Antonio*TX*78201~
N1*PE*Daniel Wright, MD*XX*1000038902~
N3*2443 College Ave~
N4*Phoenix*AZ*85001~
REF*TJ*843406196~
CLP*CLM0800900*4*225.00*0.00*0.00*PPO*PYR0800900371~
CAS*PI*96*225.00~
NM1*QC*1*Allen*Michael****MI*INS17605287~
NM1*82*1*Wright*Daniel****XX*1000038902~
DTM*232*20251004~
DTM*233*20251004~
SVC*HC:91010*225.00*0.00**1~
CAS*PI*96*225.00~
DTM*472*20251004~
REF*6R*LNCLM08009002235~
AMT*B6*0.00~
LQ*HE*N381~
CLP*CLM0800901*4*225.00*0.00*0.00*PPO*PYR0800901135~
CAS*OA*96*225.00~
NM1*QC*1*Rodriguez*Stephanie****MI*PLN99272269~
NM1*82*1*Wright*Daniel****XX*1000038902~
DTM*232*20251021~
DTM*233*20251021~
SVC*HC:91010*225.00*0.00**1~
CAS*OA*96*225.00~
DTM*472*20251021~
REF*6R*LNCLM08009013601~
AMT*B6*0.00~
LQ*HE*N381~
SE*36*00080009~
GE*1*80009~
IEA*1*008000009~