ISA*00*          *00*          *ZZ*60054          *ZZ*1000033402     *20251203*2335*^*00501*008000004*0*P*:~
GS*HP*60054*1000033402*20251203*2335*80004*X*005010X221A1~
ST*835*00080004~
BPR*H*0.00*C*NON************20251203~
TRN*1*TRC080049120*160054~
DTM*405*20251203~
N1*PR*Aetna*XV*60054~
N3*PO Box 41949~
N4*Charlotte*NC*28201~
N1*PE*Maria Kim, MD*XX*1000033402~
N3*4202 Forest Dr~
N4*Columbus*OH*43085~
REF*TJ*417473269~
CLP*CLM0800400*4*850.00*0.00*0.00*PPO*PYR0800400147~
CAS*CO*4*850.00~
NM1*QC*1*Jones*William****MI*GRP87015381~
NM1*82*1*Kim*Maria****XX*1000033402~
DTM*232*20260117~
DTM*233*20260117~
SVC*HC:45385*850.00*0.00**1~
CAS*CO*4*850.00~
DTM*472*20260117~
REF*6R*LNCLM08004008028~
AMT*B6*0.00~
LQ*HE*N386~
CLP*CLM0800401*4*850.00*0.00*0.00*PPO*PYR0800401157~
CAS*CO*4*850.00~
NM1*QC*1*Davis*Jacob****MI*GRP58280353~
NM1*82*1*Kim*Maria****XX*1000033402~
DTM*232*20250826~
DTM*233*20250827~
SVC*HC:45385*850.00*0.00**1~
CAS*CO*4*850.00~
DTM*472*20250826~
REF*6R*LNCLM08004015119~
AMT*B6*0.00~
LQ*HE*N386~
CLP*CLM0800402*4*200.00*0.00*0.00*PPO*PYR0800402725~
CAS*CO*97*200.00~
NM1*QC*1*Rivera*Cynthia****MI*GRP87978131~
NM1*82*1*Kim*Maria****XX*1000033402~
DTM*232*20251004~
DTM*233*20251004~
SVC*HC:91034*200.00*0.00**3~
CAS*CO*97*200.00~
DTM*472*20251004~
REF*6R*LNCLM08004029182~
AMT*B6*0.00~
LQ*HE*N386~
SE*48*00080004~
GE*1*80004~
IEA*1*008000004~