ISA*00*          *00*          *ZZ*MDCD           *ZZ*1000036702     *20251125*2335*^*00501*008000007*0*P*:~
GS*HP*MDCD*1000036702*20251125*2335*80007*X*005010X221A1~
ST*835*00080007~
BPR*H*0.00*C*NON************20251125~
TRN*1*TRC080072893*1MDCD~
DTM*405*20251125~
N1*PR*Medicaid*XV*MDCD~
N3*PO Box 60383~
N4*Denver*CO*80201~
N1*PE*Michael Williams, MD*XX*1000036702~
N3*2122 Lake Rd~
N4*Dallas*TX*75201~
REF*TJ*384181054~
CLP*CLM0800700*4*600.00*0.00*0.00*Medicaid*PYR0800700734~
CAS*PI*197*600.00~
NM1*QC*1*Johnson*Richard****MI*GRP42206404~
NM1*82*1*Williams*Michael****XX*1000036702~
DTM*232*20251115~
DTM*233*20251115~
SVC*HC:43249*600.00*0.00**2~
CAS*PI*197*600.00~
DTM*472*20251115~
REF*6R*LNCLM08007006799~
AMT*B6*0.00~
LQ*HE*MA130~
CLP*CLM0800701*4*600.00*0.00*0.00*Medicaid*PYR0800701130~
CAS*PI*50*600.00~
NM1*QC*1*Sanchez*Donna****MI*PLN45909678~
NM1*82*1*Williams*Michael****XX*1000036702~
DTM*232*20260101~
DTM*233*20260101~
SVC*HC:43249*600.00*0.00**2~
CAS*PI*50*600.00~
DTM*472*20260101~
REF*6R*LNCLM08007015330~
AMT*B6*0.00~
LQ*HE*MA130~
SE*36*00080007~
GE*1*80007~
IEA*1*008000007~