ISA*00*          *00*          *ZZ*99726          *ZZ*1000033602     *20251231*2335*^*00501*008000006*0*P*:~
GS*HP*99726*1000033602*20251231*2335*80006*X*005010X221A1~
ST*835*00080006~
BPR*H*0.00*C*NON************20251231~
TRN*1*TRC080064279*199726~
DTM*405*20251231~
N1*PR*Tricare*XV*99726~
N3*PO Box 74206~
N4*Phoenix*AZ*85001~
N1*PE*Christine Clark, MD*XX*1000033602~
N3*4035 Cedar Ln~
N4*Chicago*IL*60601~
REF*TJ*847527974~
CLP*CLM0800600*4*145.00*0.00*0.00*Government*PYR0800600127~
CAS*CO*97*145.00~
NM1*QC*1*Johnson*Nancy****MI*INS24986797~
NM1*82*1*Clark*Christine****XX*1000033602~
DTM*232*20250904~
DTM*233*20250905~
SVC*HC:99214*145.00*0.00**2~
CAS*CO*97*145.00~
DTM*472*20250904~
REF*6R*LNCLM08006004480~
AMT*B6*0.00~
LQ*HE*N386~
CLP*CLM0800601*4*275.00*0.00*0.00*Government*PYR0800601712~
CAS*CO*4*275.00~
NM1*QC*1*Harris*Linda****MI*MEM88827354~
NM1*82*1*Clark*Christine****XX*1000033602~
DTM*232*20251228~
DTM*233*20251228~
SVC*HC:99205*275.00*0.00**2~
CAS*CO*4*275.00~
DTM*472*20251228~
REF*6R*LNCLM08006016362~
AMT*B6*0.00~
LQ*HE*N386~
CLP*CLM0800602*4*145.00*0.00*0.00*Government*PYR0800602655~
CAS*CO*167*145.00~
NM1*QC*1*Young*Patricia****MI*MEM60868925~
NM1*82*1*Clark*Christine****XX*1000033602~
DTM*232*20251028~
DTM*233*20251028~
SVC*HC:99214*145.00*0.00**3~
CAS*CO*167*145.00~
DTM*472*20251028~
REF*6R*LNCLM08006028407~
AMT*B6*0.00~
LQ*HE*N386~
SE*48*00080006~
GE*1*80006~
IEA*1*008000006~