ISA*00*          *00*          *ZZ*91051          *ZZ*1000030302     *20260209*2335*^*00501*008000003*0*P*:~
GS*HP*91051*1000030302*20260209*2335*80003*X*005010X221A1~
ST*835*00080003~
BPR*H*0.00*C*NON************20260209~
TRN*1*TRC080037266*191051~
DTM*405*20260209~
N1*PR*Kaiser Permanente*XV*91051~
N3*PO Box 80920~
N4*San Diego*CA*92101~
N1*PE*Rebecca Thompson, MD*XX*1000030302~
N3*9714 Oak Ave~
N4*New York*NY*10001~
REF*TJ*589611690~
CLP*CLM0800300*4*425.00*0.00*0.00*HMO*PYR0800300288~
CAS*CO*27*425.00~
NM1*QC*1*Adams*Sarah****MI*MEM31636938~
NM1*82*1*Thompson*Rebecca****XX*1000030302~
DTM*232*20251106~
DTM*233*20251106~
SVC*HC:43235*425.00*0.00**1~
CAS*CO*27*425.00~
DTM*472*20251106~
REF*6R*LNCLM08003001535~
AMT*B6*0.00~
LQ*HE*N362~
CLP*CLM0800301*4*425.00*0.00*0.00*HMO*PYR0800301618~
CAS*OA*27*425.00~
NM1*QC*1*Hill*Ashley****MI*INS72993755~
NM1*82*1*Thompson*Rebecca****XX*1000030302~
DTM*232*20251110~
DTM*233*20251110~
SVC*HC:43235*425.00*0.00**3~
CAS*OA*27*425.00~
DTM*472*20251110~
REF*6R*LNCLM08003012934~
AMT*B6*0.00~
LQ*HE*N362~
CLP*CLM0800302*4*175.00*0.00*0.00*HMO*PYR0800302360~
CAS*OA*22*175.00~
NM1*QC*1*Harris*Nancy****MI*MEM80816350~
NM1*82*1*Thompson*Rebecca****XX*1000030302~
DTM*232*20260119~
DTM*233*20260119~
SVC*HC:91035*175.00*0.00**3~
CAS*OA*22*175.00~
DTM*472*20260119~
REF*6R*LNCLM08003026202~
AMT*B6*0.00~
LQ*HE*N362~
SE*48*00080003~
GE*1*80003~
IEA*1*008000003~