ISA*00*          *00*          *ZZ*99726          *ZZ*1000040302     *260101*2334*^*00501*000040301*0*P*:~
GS*HP*99726*1000040302*20260101*2334*40302*X*005010X221A1~
ST*835*40303*005010X221A1~
BPR*I*0.00*C*ACH*CCP*01*026009593*DA*0123456789*99726**01*091000019*DA*2345678901*20260101~
TRN*1*T000000040300*1120786518~
DTM*405*20260101~
N1*PR*Tricare~
N3*3978 Market St~
N4*Houston*TX*77001~
REF*2U*99726~
N1*PE*Nguyen Patricia*XX*1000040302~
N3*4774 Church St~
N4*Dallas*TX*75201~
REF*TJ*105374965~
CLP*CLM0400300*4*900.00*0.00*0.00*15*PCN645621628*11*1~
CAS*CO*29*900.00*1~
NM1*QC*1*Martinez*Dorothy****MI*GRP94179750~
NM1*82*1*Nguyen*Patricia****XX*1000040302~
DTM*232*20260205~
DTM*233*20260206~
SVC*HC:93880:77*750.00*0.00**3~
DTM*472*20260205~
CAS*CO*29*750.00*3~
REF*6R*LNCLM040030000~
AMT*B6*0.00~
LQ*HE*N479~
SVC*HC:93798:77*150.00*0.00**2~
DTM*472*20260205~
CAS*CO*29*150.00*2~
REF*6R*LNCLM040030001~
AMT*B6*0.00~
LQ*HE*N95~
CLP*CLM0400301*4*440.00*0.00*0.00*15*PCN291143450*11*1~
CAS*CO*27*440.00*1~
NM1*QC*1*Hill*Brian****MI*PLN23841444~
NM1*82*1*Nguyen*Patricia****XX*1000040302~
DTM*232*20251213~
DTM*233*20251214~
SVC*HC:93279:51*90.00*0.00**2~
DTM*472*20251213~
CAS*CO*27*90.00*2~
REF*6R*LNCLM040030100~
AMT*B6*0.00~
LQ*HE*N386~
SVC*HC:93017:76*350.00*0.00**2~
DTM*472*20251213~
CAS*CO*27*350.00*2~
REF*6R*LNCLM040030101~
AMT*B6*0.00~
LQ*HE*MA130~
SE*49*40303~
GE*1*40302~
IEA*1*000040301~