ISA*00*          *00*          *ZZ*91051          *ZZ*1000040202     *251228*2334*^*00501*000040201*0*P*:~
GS*HP*91051*1000040202*20251228*2334*40202*X*005010X221A1~
ST*835*40203*005010X221A1~
BPR*I*0.00*C*ACH*CCP*01*071000013*DA*0123456789*91051**01*091000019*DA*3456789012*20251228~
TRN*1*T000000040200*1888055881~
DTM*405*20251228~
N1*PR*Kaiser Permanente~
N3*723 Park Dr~
N4*Chicago*IL*60601~
REF*2U*91051~
N1*PE*Thompson Karen*XX*1000040202~
N3*2910 Oak Ave~
N4*Denver*CO*80201~
REF*TJ*878626571~
CLP*CLM0400200*4*500.00*0.00*0.00*13*PCN752908771*11*1~
CAS*CO*50*500.00*1~
NM1*QC*1*Thomas*Margaret****MI*INS15351400~
NM1*82*1*Thompson*Karen****XX*1000040202~
DTM*232*20251210~
DTM*233*20251210~
SVC*HC:93880:25*500.00*0.00**2~
DTM*472*20251210~
CAS*CO*50*500.00*2~
REF*6R*LNCLM040020000~
AMT*B6*0.00~
LQ*HE*N479~
CLP*CLM0400201*4*450.00*0.00*0.00*13*PCN408166272*11*1~
CAS*CO*50*450.00*1~
NM1*QC*1*Baker*Emily****MI*MEM60177243~
NM1*82*1*Thompson*Karen****XX*1000040202~
DTM*232*20251106~
DTM*233*20251107~
SVC*HC:93971:TC*450.00*0.00**2~
DTM*472*20251106~
CAS*CO*50*450.00*2~
REF*6R*LNCLM040020100~
AMT*B6*0.00~
LQ*HE*M15~
PLB*742235600*20251231*L6*-102.06~
SE*38*40203~
GE*1*40202~
IEA*1*000040201~