ISA*00*          *00*          *ZZ*BCBS1          *ZZ*1000041002     *260101*2334*^*00501*000041001*0*P*:~
GS*HP*BCBS1*1000041002*20260101*2334*41002*X*005010X221A1~
ST*835*41003*005010X221A1~
BPR*I*0.00*C*ACH*CCP*01*071000013*DA*7890123456*BCBS1**01*074000078*DA*2345678901*20260101~
TRN*1*T000000041000*1408904513~
DTM*405*20260101~
N1*PR*Blue Cross Blue Shield~
N3*5918 College Ave~
N4*San Antonio*TX*78201~
REF*2U*BCBS1~
N1*PE*Martinez Daniel*XX*1000041002~
N3*5055 College Ave~
N4*San Diego*CA*92101~
REF*TJ*149109205~
CLP*CLM0401000*4*350.00*0.00*0.00*13*PCN716493003*11*1~
CAS*OA*109*350.00*1~
NM1*QC*1*Garcia*Susan****MI*MEM36378750~
NM1*82*1*Martinez*Daniel****XX*1000041002~
DTM*232*20251109~
DTM*233*20251110~
SVC*HC:93306:LT*350.00*0.00**1~
DTM*472*20251109~
CAS*OA*109*350.00*1~
REF*6R*LNCLM040100000~
AMT*B6*0.00~
LQ*HE*MA130~
CLP*CLM0401001*4*5175.00*0.00*0.00*13*PCN963544719*11*1~
CAS*OA*31*5175.00*1~
NM1*QC*1*Martin*Betty****MI*GRP45826459~
NM1*82*1*Martinez*Daniel****XX*1000041002~
DTM*232*20251209~
DTM*233*20251209~
SVC*HC:93017:76*175.00*0.00**1~
DTM*472*20251209~
CAS*OA*31*175.00*1~
REF*6R*LNCLM040100100~
AMT*B6*0.00~
LQ*HE*N479~
SVC*HC:33533:50*5000.00*0.00**1~
DTM*472*20251209~
CAS*OA*31*5000.00*1~
REF*6R*LNCLM040100101~
AMT*B6*0.00~
LQ*HE*N95~
SE*43*41003~
GE*1*41002~
IEA*1*000041001~