ISA*00*          *00*          *ZZ*62308          *ZZ*1000040902     *260206*2334*^*00501*000040901*0*P*:~
GS*HP*62308*1000040902*20260206*2334*40902*X*005010X221A1~
ST*835*40903*005010X221A1~
BPR*I*0.00*C*ACH*CCP*01*101000019*DA*5678901234*62308**01*074000078*DA*9012345678*20260206~
TRN*1*T000000040900*1797043052~
DTM*405*20260206~
N1*PR*Cigna~
N3*8304 Park Dr~
N4*Jacksonville*FL*32099~
REF*2U*62308~
N1*PE*Anderson Patricia*XX*1000040902~
N3*137 Spring Ln~
N4*Columbus*OH*43085~
REF*TJ*736396221~
CLP*CLM0400900*4*165.00*0.00*0.00*12*PCN634255257*11*1~
CAS*PI*185*165.00*1~
NM1*QC*1*Taylor*Kevin****MI*MEM50017278~
NM1*82*1*Anderson*Patricia****XX*1000040902~
DTM*232*20251018~
DTM*233*20251018~
SVC*HC:93279:77*90.00*0.00**2~
DTM*472*20251018~
CAS*PI*185*90.00*2~
REF*6R*LNCLM040090000~
AMT*B6*0.00~
LQ*HE*MA130~
SVC*HC:93798:TC*75.00*0.00**1~
DTM*472*20251018~
CAS*PI*185*75.00*1~
REF*6R*LNCLM040090001~
AMT*B6*0.00~
LQ*HE*M15~
CLP*CLM0400901*4*775.00*0.00*0.00*12*PCN544830628*11*1~
CAS*OA*109*775.00*1~
NM1*QC*1*Martin*Amanda****MI*MEM57495945~
NM1*82*1*Anderson*Patricia****XX*1000040902~
DTM*232*20251212~
DTM*233*20251213~
SVC*HC:99205:51*550.00*0.00**2~
DTM*472*20251212~
CAS*OA*109*550.00*2~
REF*6R*LNCLM040090100~
AMT*B6*0.00~
LQ*HE*M15~
SVC*HC:93798:51*225.00*0.00**3~
DTM*472*20251212~
CAS*OA*109*225.00*3~
REF*6R*LNCLM040090101~
AMT*B6*0.00~
LQ*HE*N479~
SE*49*40903~
GE*1*40902~
IEA*1*000040901~