ISA*00*          *00*          *ZZ*ANTM1          *ZZ*1000041102     *260130*2334*^*00501*000041101*0*P*:~
GS*HP*ANTM1*1000041102*20260130*2334*41102*X*005010X221A1~
ST*835*41103*005010X221A1~
BPR*I*207.43*C*ACH*CCP*01*021000021*DA*8901234567*ANTM1**01*021202337*DA*3456789012*20260130~
TRN*1*T000000041100*1277116342~
DTM*405*20260130~
N1*PR*Anthem~
N3*5293 College Ave~
N4*Houston*TX*77001~
REF*2U*ANTM1~
N1*PE*Robinson Robert*XX*1000041102~
N3*5143 River Rd~
N4*Los Angeles*CA*90001~
REF*TJ*445639026~
CLP*CLM0401100*4*4500.00*0.00*0.00*12*PCN430560605*11*1~
CAS*CO*16*4500.00*1~
NM1*QC*1*Clark*James****MI*INS12941899~
NM1*82*1*Robinson*Robert****XX*1000041102~
DTM*232*20250914~
DTM*233*20250914~
SVC*HC:93453:59*4500.00*0.00**3~
DTM*472*20250914~
CAS*CO*16*4500.00*3~
REF*6R*LNCLM040110000~
AMT*B6*0.00~
LQ*HE*MA130~
CLP*CLM0401101*4*1500.00*0.00*0.00*12*PCN386938545*11*1~
CAS*CO*29*1500.00*1~
NM1*QC*1*Lopez*Steven****MI*MEM65463407~
NM1*82*1*Robinson*Robert****XX*1000041102~
DTM*232*20251211~
DTM*233*20251212~
SVC*HC:93453:RT*1500.00*0.00**1~
DTM*472*20251211~
CAS*CO*29*1500.00*1~
REF*6R*LNCLM040110100~
AMT*B6*0.00~
LQ*HE*N95~
CLP*CLM0401102*1*385.00*207.43*47.79*12*PCN115969152*11*1~
CAS*CO*97*129.78*1~
CAS*PR*3*47.79*1~
NM1*QC*1*Johnson*Stephanie****MI*MEM87096648~
NM1*82*1*Robinson*Robert****XX*1000041102~
DTM*232*20251124~
DTM*233*20251124~
SVC*HC:93017:76*350.00*187.61**2~
DTM*472*20251124~
CAS*CO*45*122.85*2~
CAS*PR*1*39.54*2~
REF*6R*LNCLM040110200~
AMT*B6*227.15~
LQ*HE*N95~
SVC*HC:93000:51*35.00*19.82**1~
DTM*472*20251124~
CAS*CO*97*6.93*1~
CAS*PR*1*8.25*1~
REF*6R*LNCLM040110201~
AMT*B6*28.07~
LQ*HE*MA130~
CLP*CLM0401103*4*630.00*0.00*0.00*12*PCN340691352*11*1~
CAS*CO*4*630.00*1~
NM1*QC*1*Hill*Donald****MI*PLN33806440~
NM1*82*1*Robinson*Robert****XX*1000041102~
DTM*232*20251126~
DTM*233*20251127~
SVC*HC:93000:25*105.00*0.00**3~
DTM*472*20251126~
CAS*CO*4*105.00*3~
REF*6R*LNCLM040110300~
AMT*B6*0.00~
LQ*HE*N479~
SVC*HC:93017:51*525.00*0.00**3~
DTM*472*20251126~
CAS*CO*4*525.00*3~
REF*6R*LNCLM040110301~
AMT*B6*0.00~
LQ*HE*N95~
CLP*CLM0401104*4*35.00*0.00*0.00*12*PCN235261702*11*1~
CAS*PI*185*35.00*1~
NM1*QC*1*Nelson*Betty****MI*PLN16781085~
NM1*82*1*Robinson*Robert****XX*1000041102~
DTM*232*20250903~
DTM*233*20250904~
SVC*HC:93000:77*35.00*0.00**1~
DTM*472*20250903~
CAS*PI*185*35.00*1~
REF*6R*LNCLM040110400~
AMT*B6*0.00~
LQ*HE*N386~
SE*88*41103~
GE*1*41102~
IEA*1*000041101~