ISA*00*          *00*          *ZZ*BCBS1          *ZZ*1000040602     *260207*2334*^*00501*000040601*0*P*:~
GS*HP*BCBS1*1000040602*20260207*2334*40602*X*005010X221A1~
ST*835*40603*005010X221A1~
BPR*I*762.02*C*ACH*CCP*01*101000019*DA*1234567890*BCBS1**01*021000021*DA*2345678901*20260207~
TRN*1*T000000040600*1692140351~
DTM*405*20260207~
N1*PR*Blue Cross Blue Shield~
N3*5918 College Ave~
N4*San Antonio*TX*78201~
REF*2U*BCBS1~
N1*PE*Martinez Rebecca*XX*1000040602~
N3*7990 Oak Ave~
N4*San Antonio*TX*78201~
REF*TJ*833791040~
CLP*CLM0400600*1*420.00*275.92*67.94*13*PCN149525964*11*1~
CAS*CO*45*76.14*1~
CAS*PR*2*67.94*1~
NM1*QC*1*Davis*Timothy****MI*PLN76739475~
NM1*82*1*Martinez*Rebecca****XX*1000040602~
DTM*232*20251006~
DTM*233*20251007~
SVC*HC:99215:TC*420.00*275.92**2~
DTM*472*20251006~
CAS*CO*97*76.14*2~
CAS*PR*2*67.94*2~
REF*6R*LNCLM040060000~
AMT*B6*343.86~
LQ*HE*N479~
CLP*CLM0400601*1*800.00*486.10*124.04*13*PCN302497627*11*1~
CAS*CO*97*189.86*1~
CAS*PR*3*124.04*1~
NM1*QC*1*Johnson*Stephanie****MI*GRP68244410~
NM1*82*1*Martinez*Rebecca****XX*1000040602~
DTM*232*20251030~
DTM*233*20251031~
SVC*HC:93971:51*450.00*293.40**2~
DTM*472*20251030~
CAS*CO*97*112.96*2~
CAS*PR*1*43.64*2~
REF*6R*LNCLM040060100~
AMT*B6*337.04~
LQ*HE*M15~
SVC*HC:93017*350.00*192.70**2~
DTM*472*20251030~
CAS*CO*45*76.90*2~
CAS*PR*3*80.40*2~
REF*6R*LNCLM040060101~
AMT*B6*273.10~
LQ*HE*N479~
SE*48*40603~
GE*1*40602~
IEA*1*000040601~