ISA*00*          *00*          *ZZ*60054          *ZZ*1000040102     *260108*2334*^*00501*000040101*0*P*:~
GS*HP*60054*1000040102*20260108*2334*40102*X*005010X221A1~
ST*835*40103*005010X221A1~
BPR*I*0.00*C*ACH*CCP*01*071000013*DA*1234567890*60054**01*074000078*DA*5678901234*20260108~
TRN*1*T000000040100*1197940997~
DTM*405*20260108~
N1*PR*Aetna~
N3*8087 Forest Dr~
N4*Indianapolis*IN*46201~
REF*2U*60054~
N1*PE*Nguyen John*XX*1000040102~
N3*6848 Meadow Ln~
N4*Austin*TX*73301~
REF*TJ*828993879~
CLP*CLM0400100*4*575.00*0.00*0.00*12*PCN855571637*11*1~
CAS*CO*197*575.00*1~
NM1*QC*1*Moore*Linda****MI*INS12690033~
NM1*82*1*Nguyen*John****XX*1000040102~
DTM*232*20260205~
DTM*233*20260206~
SVC*HC:93017:LT*350.00*0.00**2~
DTM*472*20260205~
CAS*CO*197*350.00*2~
REF*6R*LNCLM040010000~
AMT*B6*0.00~
LQ*HE*MA130~
SVC*HC:93798:50*225.00*0.00**3~
DTM*472*20260205~
CAS*CO*197*225.00*3~
REF*6R*LNCLM040010001~
AMT*B6*0.00~
LQ*HE*M15~
CLP*CLM0400101*4*350.00*0.00*0.00*12*PCN800445003*11*1~
CAS*CO*197*350.00*1~
NM1*QC*1*Moore*Mary****MI*MEM76639033~
NM1*82*1*Nguyen*John****XX*1000040102~
DTM*232*20251212~
DTM*233*20251212~
SVC*HC:93306:76*350.00*0.00**1~
DTM*472*20251212~
CAS*CO*197*350.00*1~
REF*6R*LNCLM040010100~
AMT*B6*0.00~
LQ*HE*MA130~
SE*43*40103~
GE*1*40102~
IEA*1*000040101~