ISA*00*          *00*          *ZZ*87726          *ZZ*1000040702     *251228*2334*^*00501*000040701*0*P*:~
GS*HP*87726*1000040702*20251228*2334*40702*X*005010X221A1~
ST*835*40703*005010X221A1~
BPR*I*0.00*C*ACH*CCP*01*101000019*DA*2345678901*87726**01*021000021*DA*7890123456*20251228~
TRN*1*T000000040700*1967818307~
DTM*405*20251228~
N1*PR*UnitedHealthcare~
N3*497 Washington Ave~
N4*Nashville*TN*37201~
REF*2U*87726~
N1*PE*Walker Richard*XX*1000040702~
N3*1910 Cedar Ln~
N4*Los Angeles*CA*90001~
REF*TJ*273579157~
CLP*CLM0400700*4*3000.00*0.00*0.00*12*PCN221266927*11*1~
CAS*CO*11*3000.00*1~
NM1*QC*1*Thomas*Mary****MI*MEM66889349~
NM1*82*1*Walker*Richard****XX*1000040702~
DTM*232*20260119~
DTM*233*20260119~
SVC*HC:93453:TC*3000.00*0.00**2~
DTM*472*20260119~
CAS*CO*11*3000.00*2~
REF*6R*LNCLM040070000~
AMT*B6*0.00~
LQ*HE*M15~
CLP*CLM0400701*4*750.00*0.00*0.00*12*PCN589787516*11*1~
CAS*CO*167*750.00*1~
NM1*QC*1*Hall*Linda****MI*PLN34357612~
NM1*82*1*Walker*Richard****XX*1000040702~
DTM*232*20250831~
DTM*233*20250901~
SVC*HC:93880:51*750.00*0.00**3~
DTM*472*20250831~
CAS*CO*167*750.00*3~
REF*6R*LNCLM040070100~
AMT*B6*0.00~
LQ*HE*N95~
CLP*CLM0400702*4*15000.00*0.00*0.00*12*PCN616564698*11*1~
CAS*CO*4*15000.00*1~
NM1*QC*1*Torres*Ryan****MI*GRP46432184~
NM1*82*1*Walker*Richard****XX*1000040702~
DTM*232*20251013~
DTM*233*20251014~
SVC*HC:33533:RT*15000.00*0.00**3~
DTM*472*20251013~
CAS*CO*4*15000.00*3~
REF*6R*LNCLM040070200~
AMT*B6*0.00~
LQ*HE*N95~
PLB*165169005*20251231*WO*-231.28~
SE*50*40703~
GE*1*40702~
IEA*1*000040701~