ISA*00*          *00*          *ZZ*99726          *ZZ*1000040802     *260117*2334*^*00501*000040801*0*P*:~
GS*HP*99726*1000040802*20260117*2334*40802*X*005010X221A1~
ST*835*40803*005010X221A1~
BPR*I*0.00*C*ACH*CCP*01*111000025*DA*1234567890*99726**01*021000021*DA*8901234567*20260117~
TRN*1*T000000040800*1739434296~
DTM*405*20260117~
N1*PR*Tricare~
N3*3978 Market St~
N4*Houston*TX*77001~
REF*2U*99726~
N1*PE*Hall Michael*XX*1000040802~
N3*5087 Valley View Dr~
N4*Fort Worth*TX*76101~
REF*TJ*648139794~
CLP*CLM0400800*4*1850.00*0.00*0.00*15*PCN879797860*11*1~
CAS*CO*167*1850.00*1~
NM1*QC*1*Nguyen*Cynthia****MI*GRP74427105~
NM1*82*1*Hall*Michael****XX*1000040802~
DTM*232*20251102~
DTM*233*20251102~
SVC*HC:93017:TC*350.00*0.00**2~
DTM*472*20251102~
CAS*CO*167*350.00*2~
REF*6R*LNCLM040080000~
AMT*B6*0.00~
LQ*HE*MA130~
SVC*HC:93453:59*1500.00*0.00**1~
DTM*472*20251102~
CAS*CO*167*1500.00*1~
REF*6R*LNCLM040080001~
AMT*B6*0.00~
LQ*HE*N95~
CLP*CLM0400801*4*15000.00*0.00*0.00*15*PCN956700967*11*1~
CAS*CO*4*15000.00*1~
NM1*QC*1*Walker*James****MI*MEM35399678~
NM1*82*1*Hall*Michael****XX*1000040802~
DTM*232*20260206~
DTM*233*20260207~
SVC*HC:33533:LT*15000.00*0.00**3~
DTM*472*20260206~
CAS*CO*4*15000.00*3~
REF*6R*LNCLM040080100~
AMT*B6*0.00~
LQ*HE*N386~
SE*43*40803~
GE*1*40802~
IEA*1*000040801~