ISA*00*          *00*          *ZZ*MDCD           *ZZ*1000040402     *251204*2334*^*00501*000040401*0*P*:~
GS*HP*MDCD*1000040402*20251204*2334*40402*X*005010X221A1~
ST*835*40403*005010X221A1~
BPR*I*0.00*C*ACH*CCP*01*101000019*DA*5678901234*MDCD**01*021000021*DA*4567890123*20251204~
TRN*1*T000000040400*1638823857~
DTM*405*20251204~
N1*PR*Medicaid~
N3*4153 Lake Rd~
N4*Columbus*OH*43085~
REF*2U*MDCD~
N1*PE*Walker Thomas*XX*1000040402~
N3*8409 Park Dr~
N4*Jacksonville*FL*32099~
REF*TJ*933276215~
CLP*CLM0400400*4*5225.00*0.00*0.00*MC*PCN796274214*11*1~
CAS*CO*27*5225.00*1~
NM1*QC*1*Martinez*Kenneth****MI*INS88092858~
NM1*82*1*Walker*Thomas****XX*1000040402~
DTM*232*20260112~
DTM*233*20260112~
SVC*HC:93971:LT*225.00*0.00**1~
DTM*472*20260112~
CAS*CO*27*225.00*1~
REF*6R*LNCLM040040000~
AMT*B6*0.00~
LQ*HE*N362~
SVC*HC:33533:LT*5000.00*0.00**1~
DTM*472*20260112~
CAS*CO*27*5000.00*1~
REF*6R*LNCLM040040001~
AMT*B6*0.00~
LQ*HE*N479~
CLP*CLM0400401*4*22500.00*0.00*0.00*MC*PCN905912041*11*1~
CAS*CO*96*22500.00*1~
NM1*QC*1*Jackson*Laura****MI*INS87855227~
NM1*82*1*Walker*Thomas****XX*1000040402~
DTM*232*20251219~
DTM*233*20251220~
SVC*HC:92928:51*7500.00*0.00**3~
DTM*472*20251219~
CAS*CO*96*7500.00*3~
REF*6R*LNCLM040040100~
AMT*B6*0.00~
LQ*HE*MA130~
SVC*HC:33533:TC*15000.00*0.00**3~
DTM*472*20251219~
CAS*CO*96*15000.00*3~
REF*6R*LNCLM040040101~
AMT*B6*0.00~
LQ*HE*N95~
PLB*371627937*20251231*L6*-454.67~
SE*50*40403~
GE*1*40402~
IEA*1*000040401~