ISA*00*          *00*          *ZZ*99726          *ZZ*1000040502     *251203*2334*^*00501*000040501*0*P*:~
GS*HP*99726*1000040502*20251203*2334*40502*X*005010X221A1~
ST*835*40503*005010X221A1~
BPR*I*5815.51*C*ACH*CCP*01*026009593*DA*1234567890*99726**01*021000021*DA*1234567890*20251203~
TRN*1*T000000040500*1247443729~
DTM*405*20251203~
N1*PR*Tricare~
N3*3978 Market St~
N4*Houston*TX*77001~
REF*2U*99726~
N1*PE*Brown Rebecca*XX*1000040502~
N3*9219 Valley View Dr~
N4*Charlotte*NC*28201~
REF*TJ*829974772~
CLP*CLM0400500*1*10000.00*5411.24*1442.71*15*PCN711618234*11*1~
CAS*CO*97*3146.05*1~
CAS*PR*3*1442.71*1~
NM1*QC*1*Clark*Jacob****MI*INS41345001~
NM1*82*1*Brown*Rebecca****XX*1000040502~
DTM*232*20260102~
DTM*233*20260102~
SVC*HC:33533:TC*5000.00*2853.37**1~
DTM*472*20260102~
CAS*CO*45*1701.74*1~
CAS*PR*2*444.89*1~
REF*6R*LNCLM040050000~
AMT*B6*3298.26~
LQ*HE*MA130~
SVC*HC:92928:RT*5000.00*2557.87**2~
DTM*472*20260102~
CAS*CO*45*1444.31*2~
CAS*PR*3*997.82*2~
REF*6R*LNCLM040050001~
AMT*B6*3555.69~
LQ*HE*N479~
CLP*CLM0400501*1*145.00*70.34*26.86*15*PCN707667153*11*1~
CAS*CO*97*47.80*1~
CAS*PR*3*26.86*1~
NM1*QC*1*Smith*Robert****MI*PLN84493039~
NM1*82*1*Brown*Rebecca****XX*1000040502~
DTM*232*20251104~
DTM*233*20251105~
SVC*HC:99214:59*145.00*70.34**1~
DTM*472*20251104~
CAS*CO*45*47.80*1~
CAS*PR*2*26.86*1~
REF*6R*LNCLM040050100~
AMT*B6*97.20~
LQ*HE*M15~
CLP*CLM0400502*1*535.00*333.93*78.14*15*PCN563290572*11*1~
CAS*CO*97*122.93*1~
CAS*PR*3*78.14*1~
NM1*QC*1*Lewis*Emily****MI*PLN69530652~
NM1*82*1*Brown*Rebecca****XX*1000040502~
DTM*232*20260207~
DTM*233*20260207~
SVC*HC:93880:LT*500.00*316.29**2~
DTM*472*20260207~
CAS*CO*97*109.43*2~
CAS*PR*1*74.28*2~
REF*6R*LNCLM040050200~
AMT*B6*390.57~
LQ*HE*M15~
SVC*HC:93000:59*35.00*17.64**1~
DTM*472*20260207~
CAS*CO*45*13.50*1~
CAS*PR*3*3.86*1~
REF*6R*LNCLM040050201~
AMT*B6*21.50~
LQ*HE*N386~
SE*69*40503~
GE*1*40502~
IEA*1*000040501~