ISA*00*          *00*          *ZZ*87726          *ZZ*1000040002     *260117*2334*^*00501*000040001*0*P*:~
GS*HP*87726*1000040002*20260117*2334*40002*X*005010X221A1~
ST*835*40003*005010X221A1~
BPR*I*0.00*C*ACH*CCP*01*021000021*DA*7890123456*87726**01*071000013*DA*6789012345*20260117~
TRN*1*T000000040000*1682201311~
DTM*405*20260117~
N1*PR*UnitedHealthcare~
N3*497 Washington Ave~
N4*Nashville*TN*37201~
REF*2U*87726~
N1*PE*Scott Elizabeth*XX*1000040002~
N3*5603 Highland Ave~
N4*Philadelphia*PA*19101~
REF*TJ*104525504~
CLP*CLM0400000*4*435.00*0.00*0.00*12*PCN611916602*11*1~
CAS*CO*16*435.00*1~
NM1*QC*1*Clark*Emily****MI*PLN35675675~
NM1*82*1*Scott*Elizabeth****XX*1000040002~
DTM*232*20250824~
DTM*233*20250825~
SVC*HC:99214:RT*435.00*0.00**3~
DTM*472*20250824~
CAS*CO*16*435.00*3~
REF*6R*LNCLM040000000~
AMT*B6*0.00~
LQ*HE*N95~
CLP*CLM0400001*4*500.00*0.00*0.00*12*PCN625519569*11*1~
CAS*CO*16*500.00*1~
NM1*QC*1*Thompson*Anthony****MI*GRP64491705~
NM1*82*1*Scott*Elizabeth****XX*1000040002~
DTM*232*20250825~
DTM*233*20250825~
SVC*HC:99205:50*275.00*0.00**1~
DTM*472*20250825~
CAS*CO*16*275.00*1~
REF*6R*LNCLM040000100~
AMT*B6*0.00~
LQ*HE*N362~
SVC*HC:93971:77*225.00*0.00**1~
DTM*472*20250825~
CAS*CO*16*225.00*1~
REF*6R*LNCLM040000101~
AMT*B6*0.00~
LQ*HE*N386~
PLB*451845416*20261231*FB*-362.48~
SE*44*40003~
GE*1*40002~
IEA*1*000040001~