ISA*00*          *00*          *ZZ*ANTM1          *ZZ*1000030402     *260215*2334*^*00501*000080401*0*P*:~
GS*HP*ANTM1*1000030402*20260215*2334*80402*X*005010X221A1~
ST*835*80403*005010X221A1~
BPR*I*0.00*C*ACH*CCP*01*091000019*DA*0123456789*ANTM1**01*111000025*DA*9012345678*20260215~
TRN*1*T000000080400*1653454969~
DTM*405*20260215~
N1*PR*Anthem~
N3*5293 College Ave~
N4*Houston*TX*77001~
REF*2U*ANTM1~
N1*PE*Lewis John*XX*1000030402~
N3*8203 Meadow Ln~
N4*Indianapolis*IN*46201~
REF*TJ*461040841~
CLP*CLM0800400*4*2175.00*0.00*0.00*12*PCN843456540*11*1~
CAS*CO*27*2175.00*1~
NM1*QC*1*King*Richard****MI*MEM38052129~
NM1*82*1*Lewis*John****XX*1000030402~
DTM*232*20251118~
DTM*233*20251118~
SVC*HC:45385:25*1700.00*0.00**2~
DTM*472*20251118~
CAS*CO*27*1700.00*2~
REF*6R*LNCLM080040000~
AMT*B6*0.00~
LQ*HE*N362~
SVC*HC:74177*475.00*0.00**1~
DTM*472*20251118~
CAS*CO*27*475.00*1~
REF*6R*LNCLM080040001~
AMT*B6*0.00~
LQ*HE*N95~
CLP*CLM0800401*4*1065.00*0.00*0.00*12*PCN860047773*11*1~
CAS*CO*96*1065.00*1~
NM1*QC*1*Flores*Brian****MI*GRP27405433~
NM1*82*1*Lewis*John****XX*1000030402~
DTM*232*20251002~
DTM*233*20251002~
SVC*HC:99214:76*435.00*0.00**3~
DTM*472*20251002~
CAS*CO*96*435.00*3~
REF*6R*LNCLM080040100~
AMT*B6*0.00~
LQ*HE*MA130~
SVC*HC:99215*630.00*0.00**3~
DTM*472*20251002~
CAS*CO*96*630.00*3~
REF*6R*LNCLM080040101~
AMT*B6*0.00~
LQ*HE*N95~
SE*49*80403~
GE*1*80402~
IEA*1*000080401~