ISA*00*          *00*          *ZZ*60054          *ZZ*1000030602     *251228*2334*^*00501*000080601*0*P*:~
GS*HP*60054*1000030602*20251228*2334*80602*X*005010X221A1~
ST*835*80603*005010X221A1~
BPR*I*2072.48*C*ACH*CCP*01*111000025*DA*5678901234*60054**01*071000013*DA*5678901234*20251228~
TRN*1*T000000080600*1660136244~
DTM*405*20251228~
N1*PR*Aetna~
N3*8087 Forest Dr~
N4*Indianapolis*IN*46201~
REF*2U*60054~
N1*PE*Nguyen Daniel*XX*1000030602~
N3*2244 Church St~
N4*Fort Worth*TX*76101~
REF*TJ*286336891~
CLP*CLM0800600*1*1850.00*994.69*316.92*12*PCN441561082*11*1~
CAS*CO*97*538.39*1~
CAS*PR*3*316.92*1~
NM1*QC*1*Hernandez*Deborah****MI*GRP99650605~
NM1*82*1*Nguyen*Daniel****XX*1000030602~
DTM*232*20260128~
DTM*233*20260129~
SVC*HC:43247:26*550.00*345.39**1~
DTM*472*20260128~
CAS*CO*45*121.20*1~
CAS*PR*2*83.41*1~
REF*6R*LNCLM080060000~
AMT*B6*428.80~
LQ*HE*N362~
SVC*HC:45378:77*1300.00*649.30**2~
DTM*472*20260128~
CAS*CO*97*417.19*2~
CAS*PR*2*233.51*2~
REF*6R*LNCLM080060001~
AMT*B6*882.81~
LQ*HE*N479~
CLP*CLM0800601*1*1950.00*1077.79*329.63*12*PCN983777054*11*1~
CAS*CO*97*542.58*1~
CAS*PR*1*329.63*1~
NM1*QC*1*Moore*Nancy****MI*PLN90555977~
NM1*82*1*Nguyen*Daniel****XX*1000030602~
DTM*232*20250830~
DTM*233*20250831~
SVC*HC:74177:76*950.00*525.05**2~
DTM*472*20250830~
CAS*CO*45*318.33*2~
CAS*PR*3*106.62*2~
REF*6R*LNCLM080060100~
AMT*B6*631.67~
LQ*HE*N386~
SVC*HC:43239:50*1000.00*552.74**2~
DTM*472*20250830~
CAS*CO*97*224.25*2~
CAS*PR*2*223.01*2~
REF*6R*LNCLM080060101~
AMT*B6*775.75~
LQ*HE*MA130~
SE*55*80603~
GE*1*80602~
IEA*1*000080601~