ISA*00*          *00*          *ZZ*91051          *ZZ*1000030202     *251216*2334*^*00501*000080201*0*P*:~
GS*HP*91051*1000030202*20251216*2334*80202*X*005010X221A1~
ST*835*80203*005010X221A1~
BPR*I*0.00*C*ACH*CCP*01*091000019*DA*3456789012*91051**01*071000013*DA*1234567890*20251216~
TRN*1*T000000080200*1782945241~
DTM*405*20251216~
N1*PR*Kaiser Permanente~
N3*723 Park Dr~
N4*Chicago*IL*60601~
REF*2U*91051~
N1*PE*Scott Angela*XX*1000030202~
N3*3210 Hill St~
N4*Seattle*WA*98101~
REF*TJ*817650420~
CLP*CLM0800200*4*435.00*0.00*0.00*13*PCN695675385*11*1~
CAS*CO*50*435.00*1~
NM1*QC*1*Taylor*Mary****MI*MEM21796108~
NM1*82*1*Scott*Angela****XX*1000030202~
DTM*232*20250922~
DTM*233*20250922~
SVC*HC:99214:26*435.00*0.00**3~
DTM*472*20250922~
CAS*CO*50*435.00*3~
REF*6R*LNCLM080020000~
AMT*B6*0.00~
LQ*HE*N386~
CLP*CLM0800201*4*2880.00*0.00*0.00*13*PCN490658659*11*1~
CAS*CO*50*2880.00*1~
NM1*QC*1*Hernandez*Jeffrey****MI*INS95406702~
NM1*82*1*Scott*Angela****XX*1000030202~
DTM*232*20250928~
DTM*233*20250929~
SVC*HC:45380:77*2250.00*0.00**3~
DTM*472*20250928~
CAS*CO*50*2250.00*3~
REF*6R*LNCLM080020100~
AMT*B6*0.00~
LQ*HE*M15~
SVC*HC:99215:59*630.00*0.00**3~
DTM*472*20250928~
CAS*CO*50*630.00*3~
REF*6R*LNCLM080020101~
AMT*B6*0.00~
LQ*HE*M15~
SE*43*80203~
GE*1*80202~
IEA*1*000080201~