ISA*00*          *00*          *ZZ*60054          *ZZ*1000031102     *260129*2334*^*00501*000081101*0*P*:~
GS*HP*60054*1000031102*20260129*2334*81102*X*005010X221A1~
ST*835*81103*005010X221A1~
BPR*I*271.85*C*ACH*CCP*01*074000078*DA*4567890123*60054**01*122000247*DA*4567890123*20260129~
TRN*1*T000000081100*1668174072~
DTM*405*20260129~
N1*PR*Aetna~
N3*8087 Forest Dr~
N4*Indianapolis*IN*46201~
REF*2U*60054~
N1*PE*Johnson Karen*XX*1000031102~
N3*9459 Washington Ave~
N4*Portland*OR*97201~
REF*TJ*758438656~
CLP*CLM0801100*4*525.00*0.00*0.00*12*PCN576073987*11*1~
CAS*CO*16*525.00*1~
NM1*QC*1*Hill*Ronald****MI*PLN74194702~
NM1*82*1*Johnson*Karen****XX*1000031102~
DTM*232*20250902~
DTM*233*20250902~
SVC*HC:76700*525.00*0.00**3~
DTM*472*20250902~
CAS*CO*16*525.00*3~
REF*6R*LNCLM080110000~
AMT*B6*0.00~
LQ*HE*N362~
CLP*CLM0801101*4*225.00*0.00*0.00*12*PCN113372526*11*1~
CAS*CO*29*225.00*1~
NM1*QC*1*Hill*Jessica****MI*INS78110259~
NM1*82*1*Johnson*Karen****XX*1000031102~
DTM*232*20250826~
DTM*233*20250827~
SVC*HC:91010:50*225.00*0.00**1~
DTM*472*20250826~
CAS*CO*29*225.00*1~
REF*6R*LNCLM080110100~
AMT*B6*0.00~
LQ*HE*N95~
CLP*CLM0801102*1*400.00*271.85*66.65*12*PCN262078176*11*1~
CAS*CO*45*61.50*1~
CAS*PR*3*66.65*1~
NM1*QC*1*Rivera*William****MI*INS45772056~
NM1*82*1*Johnson*Karen****XX*1000031102~
DTM*232*20251229~
DTM*233*20251230~
SVC*HC:91034*400.00*271.85**2~
DTM*472*20251229~
CAS*CO*97*61.50*2~
CAS*PR*1*66.65*2~
REF*6R*LNCLM080110200~
AMT*B6*338.50~
LQ*HE*M15~
CLP*CLM0801103*4*1565.00*0.00*0.00*12*PCN399724064*11*1~
CAS*CO*4*1565.00*1~
NM1*QC*1*Martinez*Mary****MI*GRP84931982~
NM1*82*1*Johnson*Karen****XX*1000031102~
DTM*232*20251018~
DTM*233*20251019~
SVC*HC:43235:51*1275.00*0.00**3~
DTM*472*20251018~
CAS*CO*4*1275.00*3~
REF*6R*LNCLM080110300~
AMT*B6*0.00~
LQ*HE*MA130~
SVC*HC:99214:26*290.00*0.00**2~
DTM*472*20251018~
CAS*CO*4*290.00*2~
REF*6R*LNCLM080110301~
AMT*B6*0.00~
LQ*HE*N362~
CLP*CLM0801104*4*175.00*0.00*0.00*12*PCN789666464*11*1~
CAS*PI*185*175.00*1~
NM1*QC*1*Taylor*Kenneth****MI*PLN61532737~
NM1*82*1*Johnson*Karen****XX*1000031102~
DTM*232*20260110~
DTM*233*20260111~
SVC*HC:76700:51*175.00*0.00**1~
DTM*472*20260110~
CAS*PI*185*175.00*1~
REF*6R*LNCLM080110400~
AMT*B6*0.00~
LQ*HE*N362~
SE*81*81103~
GE*1*81102~
IEA*1*000081101~