ISA*00*          *00*          *ZZ*ANTM1          *ZZ*1000030102     *251218*2334*^*00501*000080101*0*P*:~
GS*HP*ANTM1*1000030102*20251218*2334*80102*X*005010X221A1~
ST*835*80103*005010X221A1~
BPR*I*0.00*C*ACH*CCP*01*071000013*DA*9012345678*ANTM1**01*111000025*DA*9012345678*20251218~
TRN*1*T000000080100*1565619394~
DTM*405*20251218~
N1*PR*Anthem~
N3*5293 College Ave~
N4*Houston*TX*77001~
REF*2U*ANTM1~
N1*PE*Wright Elizabeth*XX*1000030102~
N3*7038 Pine St~
N4*Charlotte*NC*28201~
REF*TJ*912635193~
CLP*CLM0800100*4*1580.00*0.00*0.00*12*PCN253807302*11*1~
CAS*CO*197*1580.00*1~
NM1*QC*1*Hall*Rebecca****MI*INS90217707~
NM1*82*1*Wright*Elizabeth****XX*1000030102~
DTM*232*20260204~
DTM*233*20260205~
SVC*HC:99215*630.00*0.00**3~
DTM*472*20260204~
CAS*CO*197*630.00*3~
REF*6R*LNCLM080010000~
AMT*B6*0.00~
LQ*HE*N479~
SVC*HC:74177:RT*950.00*0.00**2~
DTM*472*20260204~
CAS*CO*197*950.00*2~
REF*6R*LNCLM080010001~
AMT*B6*0.00~
LQ*HE*M15~
CLP*CLM0800101*4*145.00*0.00*0.00*12*PCN415640337*11*1~
CAS*CO*197*145.00*1~
NM1*QC*1*Rivera*Melissa****MI*GRP43480988~
NM1*82*1*Wright*Elizabeth****XX*1000030102~
DTM*232*20260122~
DTM*233*20260123~
SVC*HC:99214:51*145.00*0.00**1~
DTM*472*20260122~
CAS*CO*197*145.00*1~
REF*6R*LNCLM080010100~
AMT*B6*0.00~
LQ*HE*N95~
PLB*897570679*20251231*WO*-109.58~
SE*44*80103~
GE*1*80102~
IEA*1*000080101~