ISA*00*          *00*          *ZZ*ANTM1          *ZZ*1000030902     *260105*2334*^*00501*000080901*0*P*:~
GS*HP*ANTM1*1000030902*20260105*2334*80902*X*005010X221A1~
ST*835*80903*005010X221A1~
BPR*I*0.00*C*ACH*CCP*01*074000078*DA*4567890123*ANTM1**01*122000247*DA*3456789012*20260105~
TRN*1*T000000080900*1744112606~
DTM*405*20260105~
N1*PR*Anthem~
N3*5293 College Ave~
N4*Houston*TX*77001~
REF*2U*ANTM1~
N1*PE*Johnson Laura*XX*1000030902~
N3*2921 Highland Ave~
N4*Nashville*TN*37201~
REF*TJ*971200915~
CLP*CLM0800900*4*350.00*0.00*0.00*12*PCN833490106*11*1~
CAS*PI*185*350.00*1~
NM1*QC*1*King*Betty****MI*PLN58277932~
NM1*82*1*Johnson*Laura****XX*1000030902~
DTM*232*20251124~
DTM*233*20251124~
SVC*HC:91035:25*350.00*0.00**2~
DTM*472*20251124~
CAS*PI*185*350.00*2~
REF*6R*LNCLM080090000~
AMT*B6*0.00~
LQ*HE*N362~
CLP*CLM0800901*4*1200.00*0.00*0.00*12*PCN655585752*11*1~
CAS*OA*109*1200.00*1~
NM1*QC*1*Thomas*Stephanie****MI*PLN81750790~
NM1*82*1*Johnson*Laura****XX*1000030902~
DTM*232*20251102~
DTM*233*20251102~
SVC*HC:43235*850.00*0.00**2~
DTM*472*20251102~
CAS*OA*109*850.00*2~
REF*6R*LNCLM080090100~
AMT*B6*0.00~
LQ*HE*N386~
SVC*HC:91035:RT*350.00*0.00**2~
DTM*472*20251102~
CAS*OA*109*350.00*2~
REF*6R*LNCLM080090101~
AMT*B6*0.00~
LQ*HE*N95~
CLP*CLM0800902*4*475.00*0.00*0.00*12*PCN576490218*11*1~
CAS*OA*31*475.00*1~
NM1*QC*1*Baker*Karen****MI*GRP69357102~
NM1*82*1*Johnson*Laura****XX*1000030902~
DTM*232*20251205~
DTM*233*20251205~
SVC*HC:74177:50*475.00*0.00**1~
DTM*472*20251205~
CAS*OA*31*475.00*1~
REF*6R*LNCLM080090200~
AMT*B6*0.00~
LQ*HE*N95~
SE*55*80903~
GE*1*80902~
IEA*1*000080901~