ISA*00*          *00*          *ZZ*60054          *ZZ*1000030502     *251230*2334*^*00501*000080501*0*P*:~
GS*HP*60054*1000030502*20251230*2334*80502*X*005010X221A1~
ST*835*80503*005010X221A1~
BPR*I*1158.35*C*ACH*CCP*01*122000247*DA*8901234567*60054**01*101000019*DA*2345678901*20251230~
TRN*1*T000000080500*1181003723~
DTM*405*20251230~
N1*PR*Aetna~
N3*8087 Forest Dr~
N4*Indianapolis*IN*46201~
REF*2U*60054~
N1*PE*Williams Angela*XX*1000030502~
N3*6518 Lake Rd~
N4*Phoenix*AZ*85001~
REF*TJ*795555180~
CLP*CLM0800500*1*1000.00*518.09*116.10*12*PCN772450318*11*1~
CAS*CO*97*365.81*1~
CAS*PR*3*116.10*1~
NM1*QC*1*Adams*Laura****MI*GRP46325564~
NM1*82*1*Williams*Angela****XX*1000030502~
DTM*232*20251111~
DTM*233*20251112~
SVC*HC:43239:76*1000.00*518.09**2~
DTM*472*20251111~
CAS*CO*45*365.81*2~
CAS*PR*1*116.10*2~
REF*6R*LNCLM080050000~
AMT*B6*634.19~
LQ*HE*N95~
CLP*CLM0800501*1*1025.00*640.26*170.13*12*PCN229508587*11*1~
CAS*CO*45*214.61*1~
CAS*PR*1*170.13*1~
NM1*QC*1*Garcia*Ashley****MI*PLN34212825~
NM1*82*1*Williams*Angela****XX*1000030502~
DTM*232*20251105~
DTM*233*20251105~
SVC*HC:91035:26*175.00*101.32**1~
DTM*472*20251105~
CAS*CO*45*40.35*1~
CAS*PR*3*33.33*1~
REF*6R*LNCLM080050100~
AMT*B6*134.65~
LQ*HE*N95~
SVC*HC:45385:TC*850.00*538.94**1~
DTM*472*20251105~
CAS*CO*97*174.26*1~
CAS*PR*3*136.80*1~
REF*6R*LNCLM080050101~
AMT*B6*675.74~
LQ*HE*M15~
SE*48*80503~
GE*1*80502~
IEA*1*000080501~