ISA*00*          *00*          *ZZ*60054          *ZZ*1000031002     *260131*2334*^*00501*000081001*0*P*:~
GS*HP*60054*1000031002*20260131*2334*81002*X*005010X221A1~
ST*835*81003*005010X221A1~
BPR*I*0.00*C*ACH*CCP*01*071000013*DA*1234567890*60054**01*074000078*DA*4567890123*20260131~
TRN*1*T000000081000*1237455065~
DTM*405*20260131~
N1*PR*Aetna~
N3*8087 Forest Dr~
N4*Indianapolis*IN*46201~
REF*2U*60054~
N1*PE*Walker Rebecca*XX*1000031002~
N3*9143 Washington Ave~
N4*Phoenix*AZ*85001~
REF*TJ*702668938~
CLP*CLM0801000*4*950.00*0.00*0.00*12*PCN312256375*11*1~
CAS*OA*109*950.00*1~
NM1*QC*1*Hill*Ryan****MI*MEM83440430~
NM1*82*1*Walker*Rebecca****XX*1000031002~
DTM*232*20251124~
DTM*233*20251124~
SVC*HC:74177:LT*950.00*0.00**2~
DTM*472*20251124~
CAS*OA*109*950.00*2~
REF*6R*LNCLM080100000~
AMT*B6*0.00~
LQ*HE*N479~
CLP*CLM0801001*4*1100.00*0.00*0.00*12*PCN271081018*11*1~
CAS*OA*31*1100.00*1~
NM1*QC*1*Adams*Mary****MI*GRP68952549~
NM1*82*1*Walker*Rebecca****XX*1000031002~
DTM*232*20250926~
DTM*233*20250926~
SVC*HC:43247:25*1100.00*0.00**2~
DTM*472*20250926~
CAS*OA*31*1100.00*2~
REF*6R*LNCLM080100100~
AMT*B6*0.00~
LQ*HE*N479~
SE*37*81003~
GE*1*81002~
IEA*1*000081001~