ISA*00*          *00*          *ZZ*99726          *ZZ*1000030802     *251130*2334*^*00501*000080801*0*P*:~
GS*HP*99726*1000030802*20251130*2334*80802*X*005010X221A1~
ST*835*80803*005010X221A1~
BPR*I*0.00*C*ACH*CCP*01*091000019*DA*1234567890*99726**01*071000013*DA*7890123456*20251130~
TRN*1*T000000080800*1451506900~
DTM*405*20251130~
N1*PR*Tricare~
N3*3978 Market St~
N4*Houston*TX*77001~
REF*2U*99726~
N1*PE*Martinez Thomas*XX*1000030802~
N3*9263 Forest Dr~
N4*Charlotte*NC*28201~
REF*TJ*989825064~
CLP*CLM0800800*4*2600.00*0.00*0.00*15*PCN838949333*11*1~
CAS*CO*167*2600.00*1~
NM1*QC*1*Torres*Ryan****MI*PLN66429883~
NM1*82*1*Martinez*Thomas****XX*1000030802~
DTM*232*20260201~
DTM*233*20260202~
SVC*HC:45380:RT*1500.00*0.00**2~
DTM*472*20260201~
CAS*CO*167*1500.00*2~
REF*6R*LNCLM080080000~
AMT*B6*0.00~
LQ*HE*N386~
SVC*HC:43247:51*1100.00*0.00**2~
DTM*472*20260201~
CAS*CO*167*1100.00*2~
REF*6R*LNCLM080080001~
AMT*B6*0.00~
LQ*HE*N386~
CLP*CLM0800801*4*2175.00*0.00*0.00*15*PCN203765816*11*1~
CAS*CO*4*2175.00*1~
NM1*QC*1*Lee*James****MI*MEM39695059~
NM1*82*1*Martinez*Thomas****XX*1000030802~
DTM*232*20251104~
DTM*233*20251104~
SVC*HC:43247:RT*1650.00*0.00**3~
DTM*472*20251104~
CAS*CO*4*1650.00*3~
REF*6R*LNCLM080080100~
AMT*B6*0.00~
LQ*HE*N95~
SVC*HC:91035:26*525.00*0.00**3~
DTM*472*20251104~
CAS*CO*4*525.00*3~
REF*6R*LNCLM080080101~
AMT*B6*0.00~
LQ*HE*N479~
CLP*CLM0800802*4*1500.00*0.00*0.00*15*PCN902527808*11*1~
CAS*CO*11*1500.00*1~
NM1*QC*1*Wilson*Paul****MI*GRP96237914~
NM1*82*1*Martinez*Thomas****XX*1000030802~
DTM*232*20260104~
DTM*233*20260104~
SVC*HC:91034:76*400.00*0.00**2~
DTM*472*20260104~
CAS*CO*11*400.00*2~
REF*6R*LNCLM080080200~
AMT*B6*0.00~
LQ*HE*N386~
SVC*HC:43247:LT*1100.00*0.00**2~
DTM*472*20260104~
CAS*CO*11*1100.00*2~
REF*6R*LNCLM080080201~
AMT*B6*0.00~
LQ*HE*MA130~
SE*67*80803~
GE*1*80802~
IEA*1*000080801~