ISA*00*          *00*          *ZZ*91051          *ZZ*1000030302     *260104*2334*^*00501*000080301*0*P*:~
GS*HP*91051*1000030302*20260104*2334*80302*X*005010X221A1~
ST*835*80303*005010X221A1~
BPR*I*0.00*C*ACH*CCP*01*021202337*DA*8901234567*91051**01*074000078*DA*7890123456*20260104~
TRN*1*T000000080300*1664301976~
DTM*405*20260104~
N1*PR*Kaiser Permanente~
N3*723 Park Dr~
N4*Chicago*IL*60601~
REF*2U*91051~
N1*PE*Thompson Rebecca*XX*1000030302~
N3*6493 River Rd~
N4*Dallas*TX*75201~
REF*TJ*913724444~
CLP*CLM0800300*4*1675.00*0.00*0.00*13*PCN780015213*11*1~
CAS*CO*29*1675.00*1~
NM1*QC*1*Allen*Betty****MI*INS60586652~
NM1*82*1*Thompson*Rebecca****XX*1000030302~
DTM*232*20251007~
DTM*233*20251008~
SVC*HC:45380*1500.00*0.00**2~
DTM*472*20251007~
CAS*CO*29*1500.00*2~
REF*6R*LNCLM080030000~
AMT*B6*0.00~
LQ*HE*N95~
SVC*HC:76700:51*175.00*0.00**1~
DTM*472*20251007~
CAS*CO*29*175.00*1~
REF*6R*LNCLM080030001~
AMT*B6*0.00~
LQ*HE*M15~
CLP*CLM0800301*4*145.00*0.00*0.00*13*PCN825120435*11*1~
CAS*CO*27*145.00*1~
NM1*QC*1*Moore*Steven****MI*GRP31799734~
NM1*82*1*Thompson*Rebecca****XX*1000030302~
DTM*232*20251120~
DTM*233*20251120~
SVC*HC:99214:TC*145.00*0.00**1~
DTM*472*20251120~
CAS*CO*27*145.00*1~
REF*6R*LNCLM080030100~
AMT*B6*0.00~
LQ*HE*M15~
CLP*CLM0800302*4*2550.00*0.00*0.00*13*PCN282778530*11*1~
CAS*CO*96*2550.00*1~
NM1*QC*1*Perez*Stephanie****MI*MEM17513773~
NM1*82*1*Thompson*Rebecca****XX*1000030302~
DTM*232*20250827~
DTM*233*20250827~
SVC*HC:45385:RT*2550.00*0.00**3~
DTM*472*20250827~
CAS*CO*96*2550.00*3~
REF*6R*LNCLM080030200~
AMT*B6*0.00~
LQ*HE*N386~
PLB*278489959*20261231*CS*-358.48~
SE*56*80303~
GE*1*80302~
IEA*1*000080301~