ISA*00*          *00*          *ZZ*62308          *ZZ*1000030002     *251130*2334*^*00501*000080001*0*P*:~
GS*HP*62308*1000030002*20251130*2334*80002*X*005010X221A1~
ST*835*80003*005010X221A1~
BPR*I*0.00*C*ACH*CCP*01*071000013*DA*0123456789*62308**01*122000247*DA*9012345678*20251130~
TRN*1*T000000080000*1157461194~
DTM*405*20251130~
N1*PR*Cigna~
N3*8304 Park Dr~
N4*Jacksonville*FL*32099~
REF*2U*62308~
N1*PE*Hall Jennifer*XX*1000030002~
N3*3629 Maple Dr~
N4*Fort Worth*TX*76101~
REF*TJ*538860089~
CLP*CLM0800000*4*600.00*0.00*0.00*12*PCN873106263*11*1~
CAS*CO*16*600.00*1~
NM1*QC*1*Nguyen*William****MI*INS91404875~
NM1*82*1*Hall*Jennifer****XX*1000030002~
DTM*232*20260117~
DTM*233*20260118~
SVC*HC:43235:76*425.00*0.00**1~
DTM*472*20260117~
CAS*CO*16*425.00*1~
REF*6R*LNCLM080000000~
AMT*B6*0.00~
LQ*HE*N95~
SVC*HC:76700*175.00*0.00**1~
DTM*472*20260117~
CAS*CO*16*175.00*1~
REF*6R*LNCLM080000001~
AMT*B6*0.00~
LQ*HE*N362~
CLP*CLM0800001*4*600.00*0.00*0.00*12*PCN370407799*11*1~
CAS*CO*16*600.00*1~
NM1*QC*1*Nguyen*Emily****MI*GRP14005963~
NM1*82*1*Hall*Jennifer****XX*1000030002~
DTM*232*20260112~
DTM*233*20260112~
SVC*HC:43249:50*600.00*0.00**1~
DTM*472*20260112~
CAS*CO*16*600.00*1~
REF*6R*LNCLM080000100~
AMT*B6*0.00~
LQ*HE*N362~
CLP*CLM0800002*4*175.00*0.00*0.00*12*PCN377918050*11*1~
CAS*CO*16*175.00*1~
NM1*QC*1*Baker*Sandra****MI*PLN95014414~
NM1*82*1*Hall*Jennifer****XX*1000030002~
DTM*232*20251029~
DTM*233*20251030~
SVC*HC:76700:25*175.00*0.00**1~
DTM*472*20251029~
CAS*CO*16*175.00*1~
REF*6R*LNCLM080000200~
AMT*B6*0.00~
LQ*HE*N362~
SE*55*80003~
GE*1*80002~
IEA*1*000080001~