ISA*00*          *00*          *ZZ*BCBS1          *ZZ*1000030702     *260111*2334*^*00501*000080701*0*P*:~
GS*HP*BCBS1*1000030702*20260111*2334*80702*X*005010X221A1~
ST*835*80703*005010X221A1~
BPR*I*0.00*C*ACH*CCP*01*071000013*DA*9012345678*BCBS1**01*071000013*DA*1234567890*20260111~
TRN*1*T000000080700*1474374838~
DTM*405*20260111~
N1*PR*Blue Cross Blue Shield~
N3*5918 College Ave~
N4*San Antonio*TX*78201~
REF*2U*BCBS1~
N1*PE*Nguyen Thomas*XX*1000030702~
N3*5307 Oak Ave~
N4*San Jose*CA*95101~
REF*TJ*449384248~
CLP*CLM0800700*4*2725.00*0.00*0.00*13*PCN148458472*11*1~
CAS*CO*11*2725.00*1~
NM1*QC*1*King*Jennifer****MI*PLN98713533~
NM1*82*1*Nguyen*Thomas****XX*1000030702~
DTM*232*20260125~
DTM*233*20260126~
SVC*HC:74177:26*475.00*0.00**1~
DTM*472*20260125~
CAS*CO*11*475.00*1~
REF*6R*LNCLM080070000~
AMT*B6*0.00~
LQ*HE*N362~
SVC*HC:45380:59*2250.00*0.00**3~
DTM*472*20260125~
CAS*CO*11*2250.00*3~
REF*6R*LNCLM080070001~
AMT*B6*0.00~
LQ*HE*MA130~
CLP*CLM0800701*4*290.00*0.00*0.00*13*PCN808893740*11*1~
CAS*CO*167*290.00*1~
NM1*QC*1*Wright*Sharon****MI*MEM96831318~
NM1*82*1*Nguyen*Thomas****XX*1000030702~
DTM*232*20260204~
DTM*233*20260205~
SVC*HC:99214:76*290.00*0.00**2~
DTM*472*20260204~
CAS*CO*167*290.00*2~
REF*6R*LNCLM080070100~
AMT*B6*0.00~
LQ*HE*M15~
CLP*CLM0800702*4*630.00*0.00*0.00*13*PCN518028949*11*1~
CAS*CO*4*630.00*1~
NM1*QC*1*Torres*Mark****MI*MEM46400536~
NM1*82*1*Nguyen*Thomas****XX*1000030702~
DTM*232*20260121~
DTM*233*20260122~
SVC*HC:99215*630.00*0.00**3~
DTM*472*20260121~
CAS*CO*4*630.00*3~
REF*6R*LNCLM080070200~
AMT*B6*0.00~
LQ*HE*N95~
SE*55*80703~
GE*1*80702~
IEA*1*000080701~