ISA*00*          *00*          *ZZ*CMS            *ZZ*1000003502     *20251210*2335*^*00501*010000005*0*P*:~
GS*HP*CMS*1000003502*20251210*2335*100005*X*005010X221A1~
ST*835*00100005~
BPR*H*0.00*C*NON************20251210~
TRN*1*TRC100055091*1CMS~
DTM*405*20251210~
N1*PR*Medicare Part B*XV*CMS~
N3*PO Box 97497~
N4*San Antonio*TX*78201~
N1*PE*Patricia Young, DO*XX*1000003502~
N3*8725 Main St~
N4*Dallas*TX*75201~
REF*TJ*180454447~
CLP*CLM1000500*4*750.00*0.00*0.00*Medicare*PYR1000500727~
CAS*CO*97*750.00~
NM1*QC*1*Miller*Nancy****MI*GRP20324782~
NM1*82*1*Young*Patricia****XX*1000003502~
DTM*232*20251207~
DTM*233*20251207~
SVC*HC:17311*750.00*0.00**1~
CAS*CO*97*750.00~
DTM*472*20251207~
REF*6R*LNCLM10005005159~
AMT*B6*0.00~
LQ*HE*N386~
CLP*CLM1000501*4*750.00*0.00*0.00*Medicare*PYR1000501105~
CAS*CO*97*750.00~
NM1*QC*1*Williams*Karen****MI*PLN58054392~
NM1*82*1*Young*Patricia****XX*1000003502~
DTM*232*20250926~
DTM*233*20250926~
SVC*HC:17311*750.00*0.00**2~
CAS*CO*97*750.00~
DTM*472*20250926~
REF*6R*LNCLM10005019673~
AMT*B6*0.00~
LQ*HE*N386~
CLP*CLM1000502*4*125.00*0.00*0.00*Medicare*PYR1000502403~
CAS*CO*97*125.00~
NM1*QC*1*Robinson*Christopher****MI*GRP91702995~
NM1*82*1*Young*Patricia****XX*1000003502~
DTM*232*20251210~
DTM*233*20251210~
SVC*HC:96910*125.00*0.00**1~
CAS*CO*97*125.00~
DTM*472*20251210~
REF*6R*LNCLM10005028477~
AMT*B6*0.00~
LQ*HE*N386~
SE*48*00100005~
GE*1*100005~
IEA*1*010000005~