ISA*00*          *00*          *ZZ*99726          *ZZ*1000000202     *20260114*2335*^*00501*010000002*0*P*:~
GS*HP*99726*1000000202*20260114*2335*100002*X*005010X221A1~
ST*835*00100002~
BPR*H*0.00*C*NON************20260114~
TRN*1*TRC100026084*199726~
DTM*405*20260114~
N1*PR*Tricare*XV*99726~
N3*PO Box 36857~
N4*Indianapolis*IN*46201~
N1*PE*Patricia Anderson, MD*XX*1000000202~
N3*2285 Washington Ave~
N4*Indianapolis*IN*46201~
REF*TJ*286577917~
CLP*CLM1000200*4*200.00*0.00*0.00*Government*PYR1000200735~
CAS*CO*27*200.00~
NM1*QC*1*Robinson*Lisa****MI*PLN48205005~
NM1*82*1*Anderson*Patricia****XX*1000000202~
DTM*232*20251120~
DTM*233*20251120~
SVC*HC:11400*200.00*0.00**3~
CAS*CO*27*200.00~
DTM*472*20251120~
REF*6R*LNCLM10002005278~
AMT*B6*0.00~
LQ*HE*N362~
CLP*CLM1000201*4*75.00*0.00*0.00*Government*PYR1000201501~
CAS*OA*31*75.00~
NM1*QC*1*Smith*Elizabeth****MI*PLN38841856~
NM1*82*1*Anderson*Patricia****XX*1000000202~
DTM*232*20250830~
DTM*233*20250831~
SVC*HC:17000*75.00*0.00**3~
CAS*OA*31*75.00~
DTM*472*20250830~
REF*6R*LNCLM10002016738~
AMT*B6*0.00~
LQ*HE*N362~
SE*36*00100002~
GE*1*100002~
IEA*1*010000002~