ISA*00*          *00*          *ZZ*87726          *ZZ*1000008902     *20251124*2335*^*00501*010000009*0*P*:~
GS*HP*87726*1000008902*20251124*2335*100009*X*005010X221A1~
ST*835*00100009~
BPR*H*0.00*C*NON************20251124~
TRN*1*TRC100097200*187726~
DTM*405*20251124~
N1*PR*UnitedHealthcare*XV*87726~
N3*PO Box 17473~
N4*San Antonio*TX*78201~
N1*PE*Jennifer Johnson, DO*XX*1000008902~
N3*3933 Hill St~
N4*Chicago*IL*60601~
REF*TJ*214507762~
CLP*CLM1000900*4*95.00*0.00*0.00*PPO*PYR1000900270~
CAS*PI*222*95.00~
NM1*QC*1*Moore*Daniel****MI*INS52601904~
NM1*82*1*Johnson*Jennifer****XX*1000008902~
DTM*232*20251107~
DTM*233*20251108~
SVC*HC:99213*95.00*0.00**1~
CAS*PI*222*95.00~
DTM*472*20251107~
REF*6R*LNCLM10009009755~
AMT*B6*0.00~
LQ*HE*N381~
CLP*CLM1000901*4*20.00*0.00*0.00*PPO*PYR1000901130~
CAS*OA*222*20.00~
NM1*QC*1*Martinez*Margaret****MI*INS43250633~
NM1*82*1*Johnson*Jennifer****XX*1000008902~
DTM*232*20250915~
DTM*233*20250916~
SVC*HC:17003*20.00*0.00**1~
CAS*OA*222*20.00~
DTM*472*20250915~
REF*6R*LNCLM10009013376~
AMT*B6*0.00~
LQ*HE*N381~
CLP*CLM1000902*4*750.00*0.00*0.00*PPO*PYR1000902751~
CAS*OA*96*750.00~
NM1*QC*1*Torres*Susan****MI*INS99386855~
NM1*82*1*Johnson*Jennifer****XX*1000008902~
DTM*232*20251214~
DTM*233*20251214~
SVC*HC:17311*750.00*0.00**3~
CAS*OA*96*750.00~
DTM*472*20251214~
REF*6R*LNCLM10009025987~
AMT*B6*0.00~
LQ*HE*N381~
SE*48*00100009~
GE*1*100009~
IEA*1*010000009~