ISA*00*          *00*          *ZZ*CMS            *ZZ*1000000102     *20251207*2335*^*00501*010000001*0*P*:~
GS*HP*CMS*1000000102*20251207*2335*100001*X*005010X221A1~
ST*835*00100001~
BPR*H*0.00*C*NON************20251207~
TRN*1*TRC100015680*1CMS~
DTM*405*20251207~
N1*PR*Medicare Part B*XV*CMS~
N3*PO Box 36661~
N4*Philadelphia*PA*19101~
N1*PE*Robert Clark, MD*XX*1000000102~
N3*4072 Sunset Blvd~
N4*Phoenix*AZ*85001~
REF*TJ*147413208~
CLP*CLM1000100*4*200.00*0.00*0.00*Medicare*PYR1000100638~
CAS*CO*27*200.00~
NM1*QC*1*Martinez*Karen****MI*INS73448176~
NM1*82*1*Clark*Robert****XX*1000000102~
DTM*232*20251006~
DTM*233*20251006~
SVC*HC:11400*200.00*0.00**1~
CAS*CO*27*200.00~
DTM*472*20251006~
REF*6R*LNCLM10001004056~
AMT*B6*0.00~
LQ*HE*N362~
CLP*CLM1000101*4*200.00*0.00*0.00*Medicare*PYR1000101588~
CAS*OA*22*200.00~
NM1*QC*1*Jones*Matthew****MI*PLN98601445~
NM1*82*1*Clark*Robert****XX*1000000102~
DTM*232*20251104~
DTM*233*20251104~
SVC*HC:96920*200.00*0.00**1~
CAS*OA*22*200.00~
DTM*472*20251104~
REF*6R*LNCLM10001019190~
AMT*B6*0.00~
LQ*HE*N362~
CLP*CLM1000102*4*200.00*0.00*0.00*Medicare*PYR1000102124~
CAS*CO*22*200.00~
NM1*QC*1*Williams*George****MI*PLN34553880~
NM1*82*1*Clark*Robert****XX*1000000102~
DTM*232*20251125~
DTM*233*20251125~
SVC*HC:11400*200.00*0.00**1~
CAS*CO*22*200.00~
DTM*472*20251125~
REF*6R*LNCLM10001025387~
AMT*B6*0.00~
LQ*HE*N362~
SE*48*00100001~
GE*1*100001~
IEA*1*010000001~