ISA*00*          *00*          *ZZ*91051          *ZZ*1000012202     *20260119*2335*^*00501*010000012*0*P*:~
GS*HP*91051*1000012202*20260119*2335*100012*X*005010X221A1~
ST*835*00100012~
BPR*H*25.51*C*NON************20260119~
TRN*1*TRC100121884*191051~
DTM*405*20260119~
N1*PR*Kaiser Permanente*XV*91051~
N3*PO Box 60538~
N4*Chicago*IL*60601~
N1*PE*Elizabeth Brown, MD PhD*XX*1000012202~
N3*6275 Highland Ave~
N4*Fort Worth*TX*76101~
REF*TJ*505770411~
CLP*CLM1001200*4*750.00*0.00*0.00*HMO*PYR1001200759~
CAS*OA*97*750.00~
NM1*QC*1*Lewis*Richard****MI*PLN23529858~
NM1*82*1*Brown*Elizabeth****XX*1000012202~
DTM*232*20251219~
DTM*233*20251219~
SVC*HC:17311*750.00*0.00**2~
CAS*OA*97*750.00~
DTM*472*20251219~
REF*6R*LNCLM10012007528~
AMT*B6*0.00~
LQ*HE*M15~
CLP*CLM1001201*4*150.00*0.00*16.97*HMO*PYR1001201927~
CAS*PI*31*133.03~
CAS*PR*1*16.97~
NM1*QC*1*Martinez*Jeffrey****MI*PLN91389727~
NM1*82*1*Brown*Elizabeth****XX*1000012202~
DTM*232*20251212~
DTM*233*20251212~
SVC*HC:11104*150.00*0.00**1~
CAS*PI*31*133.03~
CAS*PR*1*16.97~
DTM*472*20251212~
REF*6R*LNCLM10012011961~
AMT*B6*0.00~
LQ*HE*MA130~
CLP*CLM1001202*2*125.00*25.51*16.75*HMO*PYR1001202236~
CAS*OA*31*82.74~
CAS*PR*3*16.75~
NM1*QC*1*Jones*Dorothy****MI*MEM34461567~
NM1*82*1*Brown*Elizabeth****XX*1000012202~
DTM*232*20260109~
DTM*233*20260109~
SVC*HC:96910*125.00*25.51**1~
CAS*OA*31*82.74~
CAS*PR*3*16.75~
DTM*472*20260109~
REF*6R*LNCLM10012021313~
AMT*B6*42.26~
LQ*HE*N386~
CLP*CLM1001203*4*750.00*0.00*0.00*HMO*PYR1001203992~
CAS*CO*4*750.00~
NM1*QC*1*Smith*Timothy****MI*GRP38373987~
NM1*82*1*Brown*Elizabeth****XX*1000012202~
DTM*232*20251126~
DTM*233*20251126~
SVC*HC:17311*750.00*0.00**1~
CAS*CO*4*750.00~
DTM*472*20251126~
REF*6R*LNCLM10012031566~
AMT*B6*0.00~
LQ*HE*M15~
CLP*CLM1001204*4*125.00*0.00*15.56*HMO*PYR1001204389~
CAS*OA*222*109.44~
CAS*PR*3*15.56~
NM1*QC*1*Nelson*Ashley****MI*PLN31711730~
NM1*82*1*Brown*Elizabeth****XX*1000012202~
DTM*232*20250930~
DTM*233*20250930~
SVC*HC:11102*125.00*0.00**1~
CAS*OA*222*109.44~
CAS*PR*3*15.56~
DTM*472*20250930~
REF*6R*LNCLM10012044954~
AMT*B6*0.00~
LQ*HE*N95~
SE*78*00100012~
GE*1*100012~
IEA*1*010000012~