ISA*00*          *00*          *ZZ*91051          *ZZ*1000003602     *20251228*2335*^*00501*010000006*0*P*:~
GS*HP*91051*1000003602*20251228*2335*100006*X*005010X221A1~
ST*835*00100006~
BPR*H*0.00*C*NON************20251228~
TRN*1*TRC100067875*191051~
DTM*405*20251228~
N1*PR*Kaiser Permanente*XV*91051~
N3*PO Box 66837~
N4*Philadelphia*PA*19101~
N1*PE*Jennifer Smith, DO*XX*1000003602~
N3*9966 Hill St~
N4*Portland*OR*97201~
REF*TJ*960394813~
CLP*CLM1000600*4*130.00*0.00*0.00*HMO*PYR1000600415~
CAS*CO*97*130.00~
NM1*QC*1*White*Sharon****MI*GRP20312208~
NM1*82*1*Smith*Jennifer****XX*1000003602~
DTM*232*20250901~
DTM*233*20250902~
SVC*HC:99203*130.00*0.00**1~
CAS*CO*97*130.00~
DTM*472*20250901~
REF*6R*LNCLM10006004711~
AMT*B6*0.00~
LQ*HE*N386~
CLP*CLM1000601*4*130.00*0.00*0.00*HMO*PYR1000601943~
CAS*CO*97*130.00~
NM1*QC*1*Garcia*Nancy****MI*INS74558586~
NM1*82*1*Smith*Jennifer****XX*1000003602~
DTM*232*20251226~
DTM*233*20251226~
SVC*HC:99203*130.00*0.00**3~
CAS*CO*97*130.00~
DTM*472*20251226~
REF*6R*LNCLM10006019944~
AMT*B6*0.00~
LQ*HE*N386~
SE*36*00100006~
GE*1*100006~
IEA*1*010000006~