ISA*00*          *00*          *ZZ*61101          *ZZ*1000006702     *20251229*2335*^*00501*010000007*0*P*:~
GS*HP*61101*1000006702*20251229*2335*100007*X*005010X221A1~
ST*835*00100007~
BPR*H*0.00*C*NON************20251229~
TRN*1*TRC100075573*161101~
DTM*405*20251229~
N1*PR*Humana*XV*61101~
N3*PO Box 88125~
N4*Nashville*TN*37201~
N1*PE*Robert Lewis, MD*XX*1000006702~
N3*6616 Sunset Blvd~
N4*San Diego*CA*92101~
REF*TJ*290130348~
CLP*CLM1000700*4*20.00*0.00*0.00*HMO*PYR1000700740~
CAS*PI*197*20.00~
NM1*QC*1*Anderson*Jeffrey****MI*PLN21818586~
NM1*82*1*Lewis*Robert****XX*1000006702~
DTM*232*20260115~
DTM*233*20260115~
SVC*HC:17003*20.00*0.00**2~
CAS*PI*197*20.00~
DTM*472*20260115~
REF*6R*LNCLM10007005339~
AMT*B6*0.00~
LQ*HE*MA130~
CLP*CLM1000701*4*125.00*0.00*0.00*HMO*PYR1000701780~
CAS*CO*197*125.00~
NM1*QC*1*Miller*Mark****MI*INS76008863~
NM1*82*1*Lewis*Robert****XX*1000006702~
DTM*232*20250914~
DTM*233*20250914~
SVC*HC:96910*125.00*0.00**3~
CAS*CO*197*125.00~
DTM*472*20250914~
REF*6R*LNCLM10007018134~
AMT*B6*0.00~
LQ*HE*MA130~
SE*36*00100007~
GE*1*100007~
IEA*1*010000007~