ISA*00*          *00*          *ZZ*91051          *ZZ*1000012102     *20260101*2335*^*00501*010000011*0*P*:~
GS*HP*91051*1000012102*20260101*2335*100011*X*005010X221A1~
ST*835*00100011~
BPR*H*75.93*C*NON************20260101~
TRN*1*TRC100116793*191051~
DTM*405*20260101~
N1*PR*Kaiser Permanente*XV*91051~
N3*PO Box 37989~
N4*Portland*OR*97201~
N1*PE*Karen Anderson, MD FACS*XX*1000012102~
N3*2520 Washington Ave~
N4*Indianapolis*IN*46201~
REF*TJ*398759766~
CLP*CLM1001100*2*200.00*60.10*33.31*HMO*PYR1001100502~
CAS*CO*109*106.59~
CAS*PR*1*33.31~
NM1*QC*1*Anderson*Carol****MI*MEM96568346~
NM1*82*1*Anderson*Karen****XX*1000012102~
DTM*232*20251117~
DTM*233*20251117~
SVC*HC:11400*200.00*60.10**1~
CAS*CO*109*106.59~
CAS*PR*1*33.31~
DTM*472*20251117~
REF*6R*LNCLM10011005584~
AMT*B6*93.41~
LQ*HE*MA04~
CLP*CLM1001101*2*95.00*15.83*11.63*HMO*PYR1001101690~
CAS*CO*50*67.54~
CAS*PR*3*11.63~
NM1*QC*1*Wright*Susan****MI*MEM80231429~
NM1*82*1*Anderson*Karen****XX*1000012102~
DTM*232*20251018~
DTM*233*20251018~
SVC*HC:99213*95.00*15.83**1~
CAS*CO*50*67.54~
CAS*PR*3*11.63~
DTM*472*20251018~
REF*6R*LNCLM10011014807~
AMT*B6*27.46~
LQ*HE*N479~
CLP*CLM1001102*4*325.00*0.00*0.00*HMO*PYR1001102863~
CAS*OA*4*325.00~
NM1*QC*1*Sanchez*Anthony****MI*INS33045825~
NM1*82*1*Anderson*Karen****XX*1000012102~
DTM*232*20251213~
DTM*233*20251213~
SVC*HC:11640*325.00*0.00**1~
CAS*OA*4*325.00~
DTM*472*20251213~
REF*6R*LNCLM10011022123~
AMT*B6*0.00~
LQ*HE*N362~
CLP*CLM1001103*4*95.00*0.00*0.00*HMO*PYR1001103812~
CAS*OA*109*95.00~
NM1*QC*1*Anderson*Carol****MI*PLN30906006~
NM1*82*1*Anderson*Karen****XX*1000012102~
DTM*232*20251120~
DTM*233*20251120~
SVC*HC:99213*95.00*0.00**1~
CAS*OA*109*95.00~
DTM*472*20251120~
REF*6R*LNCLM10011031781~
AMT*B6*0.00~
LQ*HE*N479~
SE*64*00100011~
GE*1*100011~
IEA*1*010000011~