ISA*00*          *00*          *ZZ*87726          *ZZ*1000009002     *20260106*2335*^*00501*010000010*0*P*:~
GS*HP*87726*1000009002*20260106*2335*100010*X*005010X221A1~
ST*835*00100010~
BPR*H*0.00*C*NON************20260106~
TRN*1*TRC100101897*187726~
DTM*405*20260106~
N1*PR*UnitedHealthcare*XV*87726~
N3*PO Box 90692~
N4*New York*NY*10001~
N1*PE*Jennifer Nguyen, MD*XX*1000009002~
N3*3777 Sunset Blvd~
N4*Chicago*IL*60601~
REF*TJ*925731661~
CLP*CLM1001000*4*20.00*0.00*0.00*PPO*PYR1001000272~
CAS*PI*109*20.00~
NM1*QC*1*Harris*Emily****MI*MEM70618996~
NM1*82*1*Nguyen*Jennifer****XX*1000009002~
DTM*232*20251125~
DTM*233*20251126~
SVC*HC:17003*20.00*0.00**3~
CAS*PI*109*20.00~
DTM*472*20251125~
REF*6R*LNCLM10010006361~
AMT*B6*0.00~
LQ*HE*N381~
CLP*CLM1001001*4*125.00*0.00*0.00*PPO*PYR1001001387~
CAS*PI*222*125.00~
NM1*QC*1*Perez*Patricia****MI*GRP51220061~
NM1*82*1*Nguyen*Jennifer****XX*1000009002~
DTM*232*20250916~
DTM*233*20250917~
SVC*HC:96910*125.00*0.00**2~
CAS*PI*222*125.00~
DTM*472*20250916~
REF*6R*LNCLM10010011499~
AMT*B6*0.00~
LQ*HE*N381~
SE*36*00100010~
GE*1*100010~
IEA*1*010000010~