ISA*00*          *00*          *ZZ*ANTM1          *ZZ*1000006802     *20260127*2335*^*00501*010000008*0*P*:~
GS*HP*ANTM1*1000006802*20260127*2335*100008*X*005010X221A1~
ST*835*00100008~
BPR*H*0.00*C*NON************20260127~
TRN*1*TRC100086887*1ANTM1~
DTM*405*20260127~
N1*PR*Anthem*XV*ANTM1~
N3*PO Box 48796~
N4*Fort Worth*TX*76101~
N1*PE*Michael Smith, MD FACS*XX*1000006802~
N3*4409 Elm Blvd~
N4*Nashville*TN*37201~
REF*TJ*413351561~
CLP*CLM1000800*4*130.00*0.00*0.00*PPO*PYR1000800869~
CAS*CO*197*130.00~
NM1*QC*1*Lee*Mary****MI*INS12219665~
NM1*82*1*Smith*Michael****XX*1000006802~
DTM*232*20251202~
DTM*233*20251202~
SVC*HC:99203*130.00*0.00**1~
CAS*CO*197*130.00~
DTM*472*20251202~
REF*6R*LNCLM10008005949~
AMT*B6*0.00~
LQ*HE*MA130~
CLP*CLM1000801*4*130.00*0.00*0.00*PPO*PYR1000801737~
CAS*CO*50*130.00~
NM1*QC*1*Martin*Sharon****MI*GRP53355307~
NM1*82*1*Smith*Michael****XX*1000006802~
DTM*232*20251222~
DTM*233*20251222~
SVC*HC:99203*130.00*0.00**2~
CAS*CO*50*130.00~
DTM*472*20251222~
REF*6R*LNCLM10008019923~
AMT*B6*0.00~
LQ*HE*MA130~
SE*36*00100008~
GE*1*100008~
IEA*1*010000008~