ISA*00*          *00*          *ZZ*60054          *ZZ*1000003402     *20251231*2335*^*00501*010000004*0*P*:~
GS*HP*60054*1000003402*20251231*2335*100004*X*005010X221A1~
ST*835*00100004~
BPR*H*0.00*C*NON************20251231~
TRN*1*TRC100046662*160054~
DTM*405*20251231~
N1*PR*Aetna*XV*60054~
N3*PO Box 77140~
N4*Portland*OR*97201~
N1*PE*Christine Williams, MD*XX*1000003402~
N3*1018 Market St~
N4*Charlotte*NC*28201~
REF*TJ*805642089~
CLP*CLM1000400*4*145.00*0.00*0.00*PPO*PYR1000400544~
CAS*CO*97*145.00~
NM1*QC*1*Walker*Kimberly****MI*INS16574816~
NM1*82*1*Williams*Christine****XX*1000003402~
DTM*232*20250919~
DTM*233*20250919~
SVC*HC:99214*145.00*0.00**2~
CAS*CO*97*145.00~
DTM*472*20250919~
REF*6R*LNCLM10004004397~
AMT*B6*0.00~
LQ*HE*N386~
CLP*CLM1000401*4*200.00*0.00*0.00*PPO*PYR1000401426~
CAS*CO*167*200.00~
NM1*QC*1*Williams*Patricia****MI*PLN92045470~
NM1*82*1*Williams*Christine****XX*1000003402~
DTM*232*20251211~
DTM*233*20251211~
SVC*HC:96920*200.00*0.00**2~
CAS*CO*167*200.00~
DTM*472*20251211~
REF*6R*LNCLM10004016248~
AMT*B6*0.00~
LQ*HE*N386~
CLP*CLM1000402*4*20.00*0.00*0.00*PPO*PYR1000402717~
CAS*CO*97*20.00~
NM1*QC*1*Lee*Paul****MI*GRP88281566~
NM1*82*1*Williams*Christine****XX*1000003402~
DTM*232*20251219~
DTM*233*20251219~
SVC*HC:17003*20.00*0.00**1~
CAS*CO*97*20.00~
DTM*472*20251219~
REF*6R*LNCLM10004022578~
AMT*B6*0.00~
LQ*HE*N386~
SE*48*00100004~
GE*1*100004~
IEA*1*010000004~