ISA*00*          *00*          *ZZ*62308          *ZZ*1000000302     *20251230*2335*^*00501*010000003*0*P*:~
GS*HP*62308*1000000302*20251230*2335*100003*X*005010X221A1~
ST*835*00100003~
BPR*H*0.00*C*NON************20251230~
TRN*1*TRC100032303*162308~
DTM*405*20251230~
N1*PR*Cigna*XV*62308~
N3*PO Box 63957~
N4*San Jose*CA*95101~
N1*PE*Karen Martinez, MD*XX*1000000302~
N3*583 Valley View Dr~
N4*Phoenix*AZ*85001~
REF*TJ*248801787~
CLP*CLM1000300*4*750.00*0.00*0.00*PPO*PYR1000300727~
CAS*CO*22*750.00~
NM1*QC*1*Green*Kimberly****MI*GRP78208570~
NM1*82*1*Martinez*Karen****XX*1000000302~
DTM*232*20251027~
DTM*233*20251027~
SVC*HC:17311*750.00*0.00**1~
CAS*CO*22*750.00~
DTM*472*20251027~
REF*6R*LNCLM10003002776~
AMT*B6*0.00~
LQ*HE*N362~
CLP*CLM1000301*4*750.00*0.00*0.00*PPO*PYR1000301263~
CAS*OA*27*750.00~
NM1*QC*1*Williams*Margaret****MI*GRP78678922~
NM1*82*1*Martinez*Karen****XX*1000000302~
DTM*232*20250930~
DTM*233*20250930~
SVC*HC:17311*750.00*0.00**3~
CAS*OA*27*750.00~
DTM*472*20250930~
REF*6R*LNCLM10003018827~
AMT*B6*0.00~
LQ*HE*N362~
SE*36*00100003~
GE*1*100003~
IEA*1*010000003~