ISA*00*          *00*          *ZZ*60054          *ZZ*1000043402     *20251222*2335*^*00501*009000004*0*P*:~
GS*HP*60054*1000043402*20251222*2335*90004*X*005010X221A1~
ST*835*00090004~
BPR*H*0.00*C*NON************20251222~
TRN*1*TRC090045275*160054~
DTM*405*20251222~
N1*PR*Aetna*XV*60054~
N3*PO Box 93708~
N4*San Diego*CA*92101~
N1*PE*William Nguyen, MD*XX*1000043402~
N3*2276 Highland Ave~
N4*San Diego*CA*92101~
REF*TJ*711634774~
CLP*CLM0900400*4*145.00*0.00*0.00*PPO*PYR0900400752~
CAS*CO*11*145.00~
NM1*QC*1*Ramirez*Ryan****MI*MEM86554241~
NM1*82*1*Nguyen*William****XX*1000043402~
DTM*232*20251219~
DTM*233*20251219~
SVC*HC:99214*145.00*0.00**2~
CAS*CO*11*145.00~
DTM*472*20251219~
REF*6R*LNCLM09004002780~
AMT*B6*0.00~
LQ*HE*N386~
CLP*CLM0900401*4*800.00*0.00*0.00*PPO*PYR0900401998~
CAS*CO*11*800.00~
NM1*QC*1*Hall*Joseph****MI*PLN19941945~
NM1*82*1*Nguyen*William****XX*1000043402~
DTM*232*20251122~
DTM*233*20251122~
SVC*HC:58558*800.00*0.00**1~
CAS*CO*11*800.00~
DTM*472*20251122~
REF*6R*LNCLM09004011425~
AMT*B6*0.00~
LQ*HE*N386~
SE*36*00090004~
GE*1*90004~
IEA*1*009000004~