ISA*00*          *00*          *ZZ*MDCD           *ZZ*1000046802     *20260129*2335*^*00501*009000008*0*P*:~
GS*HP*MDCD*1000046802*20260129*2335*90008*X*005010X221A1~
ST*835*00090008~
BPR*H*0.00*C*NON************20260129~
TRN*1*TRC090085285*1MDCD~
DTM*405*20260129~
N1*PR*Medicaid*XV*MDCD~
N3*PO Box 67520~
N4*Chicago*IL*60601~
N1*PE*Robert Thompson, MD*XX*1000046802~
N3*7652 Highland Ave~
N4*Indianapolis*IN*46201~
REF*TJ*484975401~
CLP*CLM0900800*4*35.00*0.00*0.00*Medicaid*PYR0900800839~
CAS*PI*197*35.00~
NM1*QC*1*Jones*Kenneth****MI*INS57418596~
NM1*82*1*Thompson*Robert****XX*1000046802~
DTM*232*20250927~
DTM*233*20250928~
SVC*HC:88175*35.00*0.00**1~
CAS*PI*197*35.00~
DTM*472*20250927~
REF*6R*LNCLM09008007014~
AMT*B6*0.00~
LQ*HE*MA130~
CLP*CLM0900801*4*145.00*0.00*0.00*Medicaid*PYR0900801594~
CAS*PI*50*145.00~
NM1*QC*1*Wilson*Melissa****MI*PLN55423167~
NM1*82*1*Thompson*Robert****XX*1000046802~
DTM*232*20260119~
DTM*233*20260120~
SVC*HC:99214*145.00*0.00**1~
CAS*PI*50*145.00~
DTM*472*20260119~
REF*6R*LNCLM09008019053~
AMT*B6*0.00~
LQ*HE*MA130~
CLP*CLM0900802*4*275.00*0.00*0.00*Medicaid*PYR0900802394~
CAS*CO*197*275.00~
NM1*QC*1*Garcia*Timothy****MI*INS98382569~
NM1*82*1*Thompson*Robert****XX*1000046802~
DTM*232*20260118~
DTM*233*20260118~
SVC*HC:99205*275.00*0.00**3~
CAS*CO*197*275.00~
DTM*472*20260118~
REF*6R*LNCLM09008025158~
AMT*B6*0.00~
LQ*HE*MA130~
SE*48*00090008~
GE*1*90008~
IEA*1*009000008~