ISA*00*          *00*          *ZZ*BCBS1          *ZZ*1000043502     *20251205*2335*^*00501*009000005*0*P*:~
GS*HP*BCBS1*1000043502*20251205*2335*90005*X*005010X221A1~
ST*835*00090005~
BPR*H*0.00*C*NON************20251205~
TRN*1*TRC090051301*1BCBS1~
DTM*405*20251205~
N1*PR*Blue Cross Blue Shield*XV*BCBS1~
N3*PO Box 79207~
N4*Fort Worth*TX*76101~
N1*PE*Angela Hall, MD*XX*1000043502~
N3*5978 River Rd~
N4*Columbus*OH*43085~
REF*TJ*772876686~
CLP*CLM0900500*4*3500.00*0.00*0.00*HMO*PYR0900500457~
CAS*CO*4*3500.00~
NM1*QC*1*Lee*Andrew****MI*GRP36938048~
NM1*82*1*Hall*Angela****XX*1000043502~
DTM*232*20260106~
DTM*233*20260106~
SVC*HC:59400*3500.00*0.00**1~
CAS*CO*4*3500.00~
DTM*472*20260106~
REF*6R*LNCLM09005009391~
AMT*B6*0.00~
LQ*HE*N386~
CLP*CLM0900501*4*800.00*0.00*0.00*HMO*PYR0900501769~
CAS*CO*167*800.00~
NM1*QC*1*Clark*Donna****MI*PLN30560611~
NM1*82*1*Hall*Angela****XX*1000043502~
DTM*232*20260101~
DTM*233*20260101~
SVC*HC:58558*800.00*0.00**2~
CAS*CO*167*800.00~
DTM*472*20260101~
REF*6R*LNCLM09005018810~
AMT*B6*0.00~
LQ*HE*N386~
CLP*CLM0900502*4*3500.00*0.00*0.00*HMO*PYR0900502779~
CAS*CO*11*3500.00~
NM1*QC*1*Flores*Andrew****MI*GRP27725495~
NM1*82*1*Hall*Angela****XX*1000043502~
DTM*232*20251006~
DTM*233*20251007~
SVC*HC:59400*3500.00*0.00**1~
CAS*CO*11*3500.00~
DTM*472*20251006~
REF*6R*LNCLM09005027890~
AMT*B6*0.00~
LQ*HE*N386~
SE*48*00090005~
GE*1*90005~
IEA*1*009000005~