ISA*00*          *00*          *ZZ*87726          *ZZ*1000002102     *20251130*2335*^*00501*009000011*0*P*:~
GS*HP*87726*1000002102*20251130*2335*90011*X*005010X221A1~
ST*835*00090011~
BPR*H*93.46*C*NON************20251130~
TRN*1*TRC090116506*187726~
DTM*405*20251130~
N1*PR*UnitedHealthcare*XV*87726~
N3*PO Box 41114~
N4*Columbus*OH*43085~
N1*PE*Patricia Brown, MD PhD*XX*1000002102~
N3*9281 Church St~
N4*Chicago*IL*60601~
REF*TJ*683283515~
CLP*CLM0901100*2*275.00*78.67*37.20*PPO*PYR0901100330~
CAS*CO*4*159.13~
CAS*PR*2*37.20~
NM1*QC*1*Lewis*Richard****MI*INS51312173~
NM1*82*1*Brown*Patricia****XX*1000002102~
DTM*232*20251026~
DTM*233*20251026~
SVC*HC:99205*275.00*78.67**1~
CAS*CO*4*159.13~
CAS*PR*2*37.20~
DTM*472*20251026~
REF*6R*LNCLM09011009816~
AMT*B6*115.87~
LQ*HE*M15~
CLP*CLM0901101*2*35.00*14.79*2.85*PPO*PYR0901101462~
CAS*PI*222*17.36~
CAS*PR*1*2.85~
NM1*QC*1*Rivera*Donald****MI*MEM81812240~
NM1*82*1*Brown*Patricia****XX*1000002102~
DTM*232*20251105~
DTM*233*20251106~
SVC*HC:88175*35.00*14.79**1~
CAS*PI*222*17.36~
CAS*PR*1*2.85~
DTM*472*20251105~
REF*6R*LNCLM09011017255~
AMT*B6*17.64~
LQ*HE*M15~
CLP*CLM0901102*4*35.00*0.00*4.83*PPO*PYR0901102693~
CAS*OA*222*30.17~
CAS*PR*2*4.83~
NM1*QC*1*Taylor*Rebecca****MI*MEM46235898~
NM1*82*1*Brown*Patricia****XX*1000002102~
DTM*232*20260108~
DTM*233*20260108~
SVC*HC:88175*35.00*0.00**1~
CAS*OA*222*30.17~
CAS*PR*2*4.83~
DTM*472*20260108~
REF*6R*LNCLM09011027247~
AMT*B6*0.00~
LQ*HE*N381~
CLP*CLM0901103*4*300.00*0.00*0.00*PPO*PYR0901103421~
CAS*PI*50*300.00~
NM1*QC*1*Gonzalez*Michelle****MI*MEM33080652~
NM1*82*1*Brown*Patricia****XX*1000002102~
DTM*232*20251120~
DTM*233*20251121~
SVC*HC:57454*300.00*0.00**1~
CAS*PI*50*300.00~
DTM*472*20251120~
REF*6R*LNCLM09011039083~
AMT*B6*0.00~
LQ*HE*M15~
SE*66*00090011~
GE*1*90011~
IEA*1*009000011~