ISA*00*          *00*          *ZZ*62308          *ZZ*1000049002     *20260204*2335*^*00501*009000010*0*P*:~
GS*HP*62308*1000049002*20260204*2335*90010*X*005010X221A1~
ST*835*00090010~
BPR*H*0.00*C*NON************20260204~
TRN*1*TRC090105720*162308~
DTM*405*20260204~
N1*PR*Cigna*XV*62308~
N3*PO Box 40408~
N4*Philadelphia*PA*19101~
N1*PE*John Lewis, MD PhD*XX*1000049002~
N3*6333 Hill St~
N4*Los Angeles*CA*90001~
REF*TJ*814953914~
CLP*CLM0901000*4*225.00*0.00*0.00*PPO*PYR0901000273~
CAS*PI*96*225.00~
NM1*QC*1*Williams*Robert****MI*MEM68978764~
NM1*82*1*Lewis*John****XX*1000049002~
DTM*232*20251212~
DTM*233*20251213~
SVC*HC:76801*225.00*0.00**1~
CAS*PI*96*225.00~
DTM*472*20251212~
REF*6R*LNCLM09010005344~
AMT*B6*0.00~
LQ*HE*N381~
CLP*CLM0901001*4*350.00*0.00*0.00*PPO*PYR0901001120~
CAS*OA*96*350.00~
NM1*QC*1*Baker*Charles****MI*GRP53379604~
NM1*82*1*Lewis*John****XX*1000049002~
DTM*232*20251001~
DTM*233*20251002~
SVC*HC:76811*350.00*0.00**1~
CAS*OA*96*350.00~
DTM*472*20251001~
REF*6R*LNCLM09010013532~
AMT*B6*0.00~
LQ*HE*N381~
CLP*CLM0901002*4*225.00*0.00*0.00*PPO*PYR0901002514~
CAS*OA*222*225.00~
NM1*QC*1*Wilson*Patricia****MI*MEM40897314~
NM1*82*1*Lewis*John****XX*1000049002~
DTM*232*20251130~
DTM*233*20251130~
SVC*HC:76801*225.00*0.00**1~
CAS*OA*222*225.00~
DTM*472*20251130~
REF*6R*LNCLM09010024478~
AMT*B6*0.00~
LQ*HE*N381~
SE*48*00090010~
GE*1*90010~
IEA*1*009000010~