ISA*00*          *00*          *ZZ*91051          *ZZ*1000002202     *20260131*2335*^*00501*009000012*0*P*:~
GS*HP*91051*1000002202*20260131*2335*90012*X*005010X221A1~
ST*835*00090012~
BPR*H*2557.14*C*NON************20260131~
TRN*1*TRC090126758*191051~
DTM*405*20260131~
N1*PR*Kaiser Permanente*XV*91051~
N3*PO Box 81550~
N4*Nashville*TN*37201~
N1*PE*Jennifer Robinson, DO FACP*XX*1000002202~
N3*9295 Cedar Ln~
N4*Charlotte*NC*28201~
REF*TJ*496330196~
CLP*CLM0901200*2*3500.00*1031.93*535.36*HMO*PYR0901200895~
CAS*OA*109*1932.71~
CAS*PR*2*535.36~
NM1*QC*1*Harris*Karen****MI*PLN82691523~
NM1*82*1*Robinson*Jennifer****XX*1000002202~
DTM*232*20250910~
DTM*233*20250910~
SVC*HC:59400*3500.00*1031.93**2~
CAS*OA*109*1932.71~
CAS*PR*2*535.36~
DTM*472*20250910~
REF*6R*LNCLM09012003019~
AMT*B6*1567.29~
LQ*HE*N381~
CLP*CLM0901201*2*300.00*88.13*31.50*HMO*PYR0901201810~
CAS*CO*96*180.37~
CAS*PR*2*31.50~
NM1*QC*1*Thompson*Elizabeth****MI*GRP12366545~
NM1*82*1*Robinson*Jennifer****XX*1000002202~
DTM*232*20250830~
DTM*233*20250830~
SVC*HC:57454*300.00*88.13**2~
CAS*CO*96*180.37~
CAS*PR*2*31.50~
DTM*472*20250830~
REF*6R*LNCLM09012011140~
AMT*B6*119.63~
LQ*HE*N479~
CLP*CLM0901202*2*95.00*34.05*12.30*HMO*PYR0901202384~
CAS*PI*222*48.65~
CAS*PR*2*12.30~
NM1*QC*1*Sanchez*Steven****MI*INS64523442~
NM1*82*1*Robinson*Jennifer****XX*1000002202~
DTM*232*20251209~
DTM*233*20251209~
SVC*HC:99213*95.00*34.05**1~
CAS*PI*222*48.65~
CAS*PR*2*12.30~
DTM*472*20251209~
REF*6R*LNCLM09012024987~
AMT*B6*46.35~
LQ*HE*MA130~
CLP*CLM0901203*4*225.00*0.00*0.00*HMO*PYR0901203390~
CAS*CO*4*225.00~
NM1*QC*1*Clark*Michael****MI*GRP10689899~
NM1*82*1*Robinson*Jennifer****XX*1000002202~
DTM*232*20251229~
DTM*233*20251229~
SVC*HC:76817*225.00*0.00**2~
CAS*CO*4*225.00~
DTM*472*20251229~
REF*6R*LNCLM09012038230~
AMT*B6*0.00~
LQ*HE*N386~
CLP*CLM0901204*4*225.00*0.00*14.48*HMO*PYR0901204405~
CAS*OA*197*210.52~
CAS*PR*2*14.48~
NM1*QC*1*Martin*Edward****MI*PLN18018633~
NM1*82*1*Robinson*Jennifer****XX*1000002202~
DTM*232*20260118~
DTM*233*20260119~
SVC*HC:76817*225.00*0.00**2~
CAS*OA*197*210.52~
CAS*PR*2*14.48~
DTM*472*20260118~
REF*6R*LNCLM09012049940~
AMT*B6*0.00~
LQ*HE*N479~
CLP*CLM0901205*2*3500.00*1403.03*287.92*HMO*PYR0901205570~
CAS*CO*167*1809.05~
CAS*PR*2*287.92~
NM1*QC*1*Johnson*Edward****MI*GRP12560231~
NM1*82*1*Robinson*Jennifer****XX*1000002202~
DTM*232*20251004~
DTM*233*20251005~
SVC*HC:59400*3500.00*1403.03**2~
CAS*CO*167*1809.05~
CAS*PR*2*287.92~
DTM*472*20251004~
REF*6R*LNCLM09012055755~
AMT*B6*1690.95~
LQ*HE*N95~
SE*94*00090012~
GE*1*90012~
IEA*1*009000012~