ISA*00*          *00*          *ZZ*99726          *ZZ*1000046702     *20251220*2335*^*00501*009000007*0*P*:~
GS*HP*99726*1000046702*20251220*2335*90007*X*005010X221A1~
ST*835*00090007~
BPR*H*0.00*C*NON************20251220~
TRN*1*TRC090076532*199726~
DTM*405*20251220~
N1*PR*Tricare*XV*99726~
N3*PO Box 88778~
N4*New York*NY*10001~
N1*PE*Karen Kim, MD*XX*1000046702~
N3*8490 Washington Ave~
N4*Fort Worth*TX*76101~
REF*TJ*283637312~
CLP*CLM0900700*4*4200.00*0.00*0.00*Government*PYR0900700588~
CAS*CO*50*4200.00~
NM1*QC*1*Jones*Christopher****MI*PLN58478254~
NM1*82*1*Kim*Karen****XX*1000046702~
DTM*232*20251206~
DTM*233*20251206~
SVC*HC:59510*4200.00*0.00**1~
CAS*CO*50*4200.00~
DTM*472*20251206~
REF*6R*LNCLM09007005913~
AMT*B6*0.00~
LQ*HE*MA130~
CLP*CLM0900701*4*95.00*0.00*0.00*Government*PYR0900701993~
CAS*PI*197*95.00~
NM1*QC*1*Hernandez*Barbara****MI*MEM52942196~
NM1*82*1*Kim*Karen****XX*1000046702~
DTM*232*20251026~
DTM*233*20251026~
SVC*HC:99213*95.00*0.00**3~
CAS*PI*197*95.00~
DTM*472*20251026~
REF*6R*LNCLM09007019781~
AMT*B6*0.00~
LQ*HE*MA130~
SE*36*00090007~
GE*1*90007~
IEA*1*009000007~