ISA*00*          *00*          *ZZ*MDCD           *ZZ*1000043602     *20260109*2335*^*00501*009000006*0*P*:~
GS*HP*MDCD*1000043602*20260109*2335*90006*X*005010X221A1~
ST*835*00090006~
BPR*H*0.00*C*NON************20260109~
TRN*1*TRC090069774*1MDCD~
DTM*405*20260109~
N1*PR*Medicaid*XV*MDCD~
N3*PO Box 11102~
N4*Nashville*TN*37201~
N1*PE*William Young, MD*XX*1000043602~
N3*1117 Oak Ave~
N4*Seattle*WA*98101~
REF*TJ*437915099~
CLP*CLM0900600*4*300.00*0.00*0.00*Medicaid*PYR0900600695~
CAS*CO*11*300.00~
NM1*QC*1*Ramirez*Jacob****MI*PLN43698911~
NM1*82*1*Young*William****XX*1000043602~
DTM*232*20251224~
DTM*233*20251224~
SVC*HC:57454*300.00*0.00**2~
CAS*CO*11*300.00~
DTM*472*20251224~
REF*6R*LNCLM09006005146~
AMT*B6*0.00~
LQ*HE*N386~
CLP*CLM0900601*4*175.00*0.00*0.00*Medicaid*PYR0900601890~
CAS*CO*4*175.00~
NM1*QC*1*Allen*Patricia****MI*PLN61180529~
NM1*82*1*Young*William****XX*1000043602~
DTM*232*20251018~
DTM*233*20251019~
SVC*HC:99384*175.00*0.00**2~
CAS*CO*4*175.00~
DTM*472*20251018~
REF*6R*LNCLM09006018519~
AMT*B6*0.00~
LQ*HE*N386~
CLP*CLM0900602*4*225.00*0.00*0.00*Medicaid*PYR0900602394~
CAS*CO*167*225.00~
NM1*QC*1*Clark*Rebecca****MI*PLN58534824~
NM1*82*1*Young*William****XX*1000043602~
DTM*232*20251121~
DTM*233*20251121~
SVC*HC:76817*225.00*0.00**2~
CAS*CO*167*225.00~
DTM*472*20251121~
REF*6R*LNCLM09006026436~
AMT*B6*0.00~
LQ*HE*N386~
SE*48*00090006~
GE*1*90006~
IEA*1*009000006~