ISA*00*          *00*          *ZZ*BCBS1          *ZZ*1000040302     *20260113*2335*^*00501*009000003*0*P*:~
GS*HP*BCBS1*1000040302*20260113*2335*90003*X*005010X221A1~
ST*835*00090003~
BPR*H*0.00*C*NON************20260113~
TRN*1*TRC090039338*1BCBS1~
DTM*405*20260113~
N1*PR*Blue Cross Blue Shield*XV*BCBS1~
N3*PO Box 82532~
N4*Portland*OR*97201~
N1*PE*James Chen, MD*XX*1000040302~
N3*5607 Cedar Ln~
N4*Nashville*TN*37201~
REF*TJ*174404366~
CLP*CLM0900300*4*125.00*0.00*0.00*HMO*PYR0900300467~
CAS*OA*31*125.00~
NM1*QC*1*Miller*Joseph****MI*INS97441128~
NM1*82*1*Chen*James****XX*1000040302~
DTM*232*20251226~
DTM*233*20251227~
SVC*HC:59025*125.00*0.00**1~
CAS*OA*31*125.00~
DTM*472*20251226~
REF*6R*LNCLM09003007284~
AMT*B6*0.00~
LQ*HE*N362~
CLP*CLM0900301*4*95.00*0.00*0.00*HMO*PYR0900301947~
CAS*CO*27*95.00~
NM1*QC*1*Clark*Stephanie****MI*GRP34817279~
NM1*82*1*Chen*James****XX*1000040302~
DTM*232*20251220~
DTM*233*20251220~
SVC*HC:99213*95.00*0.00**3~
CAS*CO*27*95.00~
DTM*472*20251220~
REF*6R*LNCLM09003019649~
AMT*B6*0.00~
LQ*HE*N362~
CLP*CLM0900302*4*125.00*0.00*0.00*HMO*PYR0900302273~
CAS*OA*31*125.00~
NM1*QC*1*Anderson*Sharon****MI*INS65165200~
NM1*82*1*Chen*James****XX*1000040302~
DTM*232*20250824~
DTM*233*20250824~
SVC*HC:59025*125.00*0.00**1~
CAS*OA*31*125.00~
DTM*472*20250824~
REF*6R*LNCLM09003021818~
AMT*B6*0.00~
LQ*HE*N362~
SE*48*00090003~
GE*1*90003~
IEA*1*009000003~