ISA*00*          *00*          *ZZ*MDCD           *ZZ*1000040102     *20251221*2335*^*00501*009000001*0*P*:~
GS*HP*MDCD*1000040102*20251221*2335*90001*X*005010X221A1~
ST*835*00090001~
BPR*H*0.00*C*NON************20251221~
TRN*1*TRC090019804*1MDCD~
DTM*405*20251221~
N1*PR*Medicaid*XV*MDCD~
N3*PO Box 62936~
N4*Phoenix*AZ*85001~
N1*PE*Karen Martinez, MD*XX*1000040102~
N3*6744 Meadow Ln~
N4*San Jose*CA*95101~
REF*TJ*713389557~
CLP*CLM0900100*4*300.00*0.00*0.00*Medicaid*PYR0900100803~
CAS*CO*31*300.00~
NM1*QC*1*Scott*Robert****MI*PLN77315970~
NM1*82*1*Martinez*Karen****XX*1000040102~
DTM*232*20251006~
DTM*233*20251006~
SVC*HC:57454*300.00*0.00**1~
CAS*CO*31*300.00~
DTM*472*20251006~
REF*6R*LNCLM09001006620~
AMT*B6*0.00~
LQ*HE*N362~
CLP*CLM0900101*4*175.00*0.00*0.00*Medicaid*PYR0900101882~
CAS*CO*22*175.00~
NM1*QC*1*Perez*Dorothy****MI*INS19923955~
NM1*82*1*Martinez*Karen****XX*1000040102~
DTM*232*20251008~
DTM*233*20251009~
SVC*HC:99384*175.00*0.00**1~
CAS*CO*22*175.00~
DTM*472*20251008~
REF*6R*LNCLM09001011538~
AMT*B6*0.00~
LQ*HE*N362~
CLP*CLM0900102*4*175.00*0.00*0.00*Medicaid*PYR0900102159~
CAS*OA*27*175.00~
NM1*QC*1*Harris*Jason****MI*GRP56798605~
NM1*82*1*Martinez*Karen****XX*1000040102~
DTM*232*20250927~
DTM*233*20250927~
SVC*HC:99384*175.00*0.00**3~
CAS*OA*27*175.00~
DTM*472*20250927~
REF*6R*LNCLM09001028710~
AMT*B6*0.00~
LQ*HE*N362~
SE*48*00090001~
GE*1*90001~
IEA*1*009000001~