ISA*00*          *00*          *ZZ*61101          *ZZ*1000048902     *20260101*2335*^*00501*009000009*0*P*:~
GS*HP*61101*1000048902*20260101*2335*90009*X*005010X221A1~
ST*835*00090009~
BPR*H*0.00*C*NON************20260101~
TRN*1*TRC090098231*161101~
DTM*405*20260101~
N1*PR*Humana*XV*61101~
N3*PO Box 81827~
N4*Denver*CO*80201~
N1*PE*Daniel Wright, MD*XX*1000048902~
N3*4383 Forest Dr~
N4*San Diego*CA*92101~
REF*TJ*126928345~
CLP*CLM0900900*4*225.00*0.00*0.00*HMO*PYR0900900235~
CAS*OA*96*225.00~
NM1*QC*1*Thomas*Mark****MI*GRP83992726~
NM1*82*1*Wright*Daniel****XX*1000048902~
DTM*232*20250918~
DTM*233*20250918~
SVC*HC:76817*225.00*0.00**1~
CAS*OA*96*225.00~
DTM*472*20250918~
REF*6R*LNCLM09009009213~
AMT*B6*0.00~
LQ*HE*N381~
CLP*CLM0900901*4*225.00*0.00*0.00*HMO*PYR0900901766~
CAS*OA*222*225.00~
NM1*QC*1*Harris*Jason****MI*INS68605592~
NM1*82*1*Wright*Daniel****XX*1000048902~
DTM*232*20260103~
DTM*233*20260104~
SVC*HC:76817*225.00*0.00**1~
CAS*OA*222*225.00~
DTM*472*20260103~
REF*6R*LNCLM09009011497~
AMT*B6*0.00~
LQ*HE*N381~
SE*36*00090009~
GE*1*90009~
IEA*1*009000009~