ISA*00*          *00*          *ZZ*ANTM1          *ZZ*1000040202     *20251215*2335*^*00501*009000002*0*P*:~
GS*HP*ANTM1*1000040202*20251215*2335*90002*X*005010X221A1~
ST*835*00090002~
BPR*H*0.00*C*NON************20251215~
TRN*1*TRC090029639*1ANTM1~
DTM*405*20251215~
N1*PR*Anthem*XV*ANTM1~
N3*PO Box 76227~
N4*New York*NY*10001~
N1*PE*James Johnson, MD*XX*1000040202~
N3*7165 Cedar Ln~
N4*San Antonio*TX*78201~
REF*TJ*623313181~
CLP*CLM0900200*4*1200.00*0.00*0.00*PPO*PYR0900200972~
CAS*CO*22*1200.00~
NM1*QC*1*Robinson*Kenneth****MI*INS41438033~
NM1*82*1*Johnson*James****XX*1000040202~
DTM*232*20251220~
DTM*233*20251220~
SVC*HC:58661*1200.00*0.00**1~
CAS*CO*22*1200.00~
DTM*472*20251220~
REF*6R*LNCLM09002009671~
AMT*B6*0.00~
LQ*HE*N362~
CLP*CLM0900201*4*125.00*0.00*0.00*PPO*PYR0900201550~
CAS*CO*27*125.00~
NM1*QC*1*Anderson*Nancy****MI*MEM10738032~
NM1*82*1*Johnson*James****XX*1000040202~
DTM*232*20260118~
DTM*233*20260118~
SVC*HC:59025*125.00*0.00**2~
CAS*CO*27*125.00~
DTM*472*20260118~
REF*6R*LNCLM09002018530~
AMT*B6*0.00~
LQ*HE*N362~
SE*36*00090002~
GE*1*90002~
IEA*1*009000002~