ISA*00*          *00*          *ZZ*MDCD           *ZZ*1000020302     *20260102*2335*^*00501*007000003*0*P*:~
GS*HP*MDCD*1000020302*20260102*2335*70003*X*005010X221A1~
ST*835*00070003~
BPR*H*0.00*C*NON************20260102~
TRN*1*TRC070038951*1MDCD~
DTM*405*20260102~
N1*PR*Medicaid*XV*MDCD~
N3*PO Box 83694~
N4*Houston*TX*77001~
N1*PE*Patricia Williams, MD FACS*XX*1000020302~
N3*5889 Main St~
N4*Columbus*OH*43085~
REF*TJ*262365600~
CLP*CLM0700300*4*85.00*0.00*0.00*Medicaid*PYR0700300187~
CAS*OA*22*85.00~
NM1*QC*1*Scott*Michelle****MI*INS39183664~
NM1*82*1*Williams*Patricia****XX*1000020302~
DTM*232*20251230~
DTM*233*20251230~
SVC*HC:88312*85.00*0.00**2~
CAS*OA*22*85.00~
DTM*472*20251230~
REF*6R*LNCLM07003006077~
AMT*B6*0.00~
LQ*HE*N362~
CLP*CLM0700301*4*100.00*0.00*0.00*Medicaid*PYR0700301120~
CAS*CO*31*100.00~
NM1*QC*1*Jackson*Patricia****MI*PLN92627659~
NM1*82*1*Williams*Patricia****XX*1000020302~
DTM*232*20251107~
DTM*233*20251108~
SVC*HC:88313*100.00*0.00**1~
CAS*CO*31*100.00~
DTM*472*20251107~
REF*6R*LNCLM07003013411~
AMT*B6*0.00~
LQ*HE*N362~
CLP*CLM0700302*4*100.00*0.00*0.00*Medicaid*PYR0700302311~
CAS*OA*22*100.00~
NM1*QC*1*Thompson*Kevin****MI*PLN72504186~
NM1*82*1*Williams*Patricia****XX*1000020302~
DTM*232*20251031~
DTM*233*20251031~
SVC*HC:88313*100.00*0.00**1~
CAS*OA*22*100.00~
DTM*472*20251031~
REF*6R*LNCLM07003027300~
AMT*B6*0.00~
LQ*HE*N362~
SE*48*00070003~
GE*1*70003~
IEA*1*007000003~