ISA*00*          *00*          *ZZ*99726          *ZZ*1000023502     *20251215*2335*^*00501*007000005*0*P*:~
GS*HP*99726*1000023502*20251215*2335*70005*X*005010X221A1~
ST*835*00070005~
BPR*H*0.00*C*NON************20251215~
TRN*1*TRC070052517*199726~
DTM*405*20251215~
N1*PR*Tricare*XV*99726~
N3*PO Box 77286~
N4*Phoenix*AZ*85001~
N1*PE*Angela Thompson, MD PhD*XX*1000023502~
N3*8318 Church St~
N4*Charlotte*NC*28201~
REF*TJ*786684865~
CLP*CLM0700500*4*100.00*0.00*0.00*Government*PYR0700500742~
CAS*CO*11*100.00~
NM1*QC*1*Hall*Donna****MI*MEM44822593~
NM1*82*1*Thompson*Angela****XX*1000023502~
DTM*232*20251130~
DTM*233*20251130~
SVC*HC:88341*100.00*0.00**3~
CAS*CO*11*100.00~
DTM*472*20251130~
REF*6R*LNCLM07005007841~
AMT*B6*0.00~
LQ*HE*N386~
CLP*CLM0700501*4*15.00*0.00*0.00*Government*PYR0700501342~
CAS*CO*4*15.00~
NM1*QC*1*Sanchez*Robert****MI*GRP75030205~
NM1*82*1*Thompson*Angela****XX*1000023502~
DTM*232*20250921~
DTM*233*20250922~
SVC*HC:85025*15.00*0.00**1~
CAS*CO*4*15.00~
DTM*472*20250921~
REF*6R*LNCLM07005016830~
AMT*B6*0.00~
LQ*HE*N386~
CLP*CLM0700502*4*100.00*0.00*0.00*Government*PYR0700502161~
CAS*CO*11*100.00~
NM1*QC*1*Wilson*Susan****MI*INS61053518~
NM1*82*1*Thompson*Angela****XX*1000023502~
DTM*232*20250921~
DTM*233*20250921~
SVC*HC:88341*100.00*0.00**2~
CAS*CO*11*100.00~
DTM*472*20250921~
REF*6R*LNCLM07005029077~
AMT*B6*0.00~
LQ*HE*N386~
SE*48*00070005~
GE*1*70005~
IEA*1*007000005~