ISA*00*          *00*          *ZZ*60054          *ZZ*1000028902     *20251210*2335*^*00501*007000009*0*P*:~
GS*HP*60054*1000028902*20251210*2335*70009*X*005010X221A1~
ST*835*00070009~
BPR*H*0.00*C*NON************20251210~
TRN*1*TRC070099077*160054~
DTM*405*20251210~
N1*PR*Aetna*XV*60054~
N3*PO Box 67404~
N4*San Jose*CA*95101~
N1*PE*Rebecca Hall, MD PhD*XX*1000028902~
N3*3829 Highland Ave~
N4*Columbus*OH*43085~
REF*TJ*142614097~
CLP*CLM0700900*4*75.00*0.00*0.00*PPO*PYR0700900476~
CAS*PI*222*75.00~
NM1*QC*1*Taylor*Patricia****MI*MEM15967231~
NM1*82*1*Hall*Rebecca****XX*1000028902~
DTM*232*20251006~
DTM*233*20251006~
SVC*HC:88302*75.00*0.00**1~
CAS*PI*222*75.00~
DTM*472*20251006~
REF*6R*LNCLM07009002467~
AMT*B6*0.00~
LQ*HE*N381~
CLP*CLM0700901*4*25.00*0.00*0.00*PPO*PYR0700901196~
CAS*OA*96*25.00~
NM1*QC*1*Anderson*Jason****MI*GRP60909019~
NM1*82*1*Hall*Rebecca****XX*1000028902~
DTM*232*20250923~
DTM*233*20250924~
SVC*HC:80053*25.00*0.00**1~
CAS*OA*96*25.00~
DTM*472*20250923~
REF*6R*LNCLM07009013324~
AMT*B6*0.00~
LQ*HE*N381~
SE*36*00070009~
GE*1*70009~
IEA*1*007000009~