ISA*00*          *00*          *ZZ*62308          *ZZ*1000029002     *20251217*2335*^*00501*007000010*0*P*:~
GS*HP*62308*1000029002*20251217*2335*70010*X*005010X221A1~
ST*835*00070010~
BPR*H*0.00*C*NON************20251217~
TRN*1*TRC070109806*162308~
DTM*405*20251217~
N1*PR*Cigna*XV*62308~
N3*PO Box 80626~
N4*Fort Worth*TX*76101~
N1*PE*Karen Brown, MD*XX*1000029002~
N3*6240 Washington Ave~
N4*Columbus*OH*43085~
REF*TJ*820205646~
CLP*CLM0701000*4*100.00*0.00*0.00*PPO*PYR0701000104~
CAS*OA*96*100.00~
NM1*QC*1*Smith*Ronald****MI*PLN43289921~
NM1*82*1*Brown*Karen****XX*1000029002~
DTM*232*20250831~
DTM*233*20250831~
SVC*HC:88341*100.00*0.00**1~
CAS*OA*96*100.00~
DTM*472*20250831~
REF*6R*LNCLM07010005824~
AMT*B6*0.00~
LQ*HE*N381~
CLP*CLM0701001*4*100.00*0.00*0.00*PPO*PYR0701001893~
CAS*PI*96*100.00~
NM1*QC*1*White*Ronald****MI*PLN78186044~
NM1*82*1*Brown*Karen****XX*1000029002~
DTM*232*20260106~
DTM*233*20260106~
SVC*HC:88313*100.00*0.00**2~
CAS*PI*96*100.00~
DTM*472*20260106~
REF*6R*LNCLM07010011709~
AMT*B6*0.00~
LQ*HE*N381~
SE*36*00070010~
GE*1*70010~
IEA*1*007000010~