ISA*00*          *00*          *ZZ*MDCD           *ZZ*1000023402     *20260212*2335*^*00501*007000004*0*P*:~
GS*HP*MDCD*1000023402*20260212*2335*70004*X*005010X221A1~
ST*835*00070004~
BPR*H*0.00*C*NON************20260212~
TRN*1*TRC070044513*1MDCD~
DTM*405*20260212~
N1*PR*Medicaid*XV*MDCD~
N3*PO Box 52028~
N4*Dallas*TX*75201~
N1*PE*David Thompson, MD PhD*XX*1000023402~
N3*3012 Park Dr~
N4*Columbus*OH*43085~
REF*TJ*520809730~
CLP*CLM0700400*4*125.00*0.00*0.00*Medicaid*PYR0700400789~
CAS*CO*167*125.00~
NM1*QC*1*Walker*Kenneth****MI*PLN30619308~
NM1*82*1*Thompson*David****XX*1000023402~
DTM*232*20251201~
DTM*233*20251202~
SVC*HC:88305*125.00*0.00**1~
CAS*CO*167*125.00~
DTM*472*20251201~
REF*6R*LNCLM07004002816~
AMT*B6*0.00~
LQ*HE*N386~
CLP*CLM0700401*4*175.00*0.00*0.00*Medicaid*PYR0700401843~
CAS*CO*4*175.00~
NM1*QC*1*Martinez*Patricia****MI*INS90687496~
NM1*82*1*Thompson*David****XX*1000023402~
DTM*232*20251109~
DTM*233*20251110~
SVC*HC:88321*175.00*0.00**1~
CAS*CO*4*175.00~
DTM*472*20251109~
REF*6R*LNCLM07004015589~
AMT*B6*0.00~
LQ*HE*N386~
CLP*CLM0700402*4*60.00*0.00*0.00*Medicaid*PYR0700402912~
CAS*CO*4*60.00~
NM1*QC*1*Davis*Donna****MI*GRP77955783~
NM1*82*1*Thompson*David****XX*1000023402~
DTM*232*20260117~
DTM*233*20260117~
SVC*HC:88112*60.00*0.00**1~
CAS*CO*4*60.00~
DTM*472*20260117~
REF*6R*LNCLM07004028139~
AMT*B6*0.00~
LQ*HE*N386~
SE*48*00070004~
GE*1*70004~
IEA*1*007000004~