ISA*00*          *00*          *ZZ*MDCD           *ZZ*1000032102     *20251205*2335*^*00501*007000011*0*P*:~
GS*HP*MDCD*1000032102*20251205*2335*70011*X*005010X221A1~
ST*835*00070011~
BPR*H*0.00*C*NON************20251205~
TRN*1*TRC070116940*1MDCD~
DTM*405*20251205~
N1*PR*Medicaid*XV*MDCD~
N3*PO Box 76985~
N4*Chicago*IL*60601~
N1*PE*James Smith, DO*XX*1000032102~
N3*2553 Spring Ln~
N4*Fort Worth*TX*76101~
REF*TJ*136790724~
CLP*CLM0701100*4*150.00*0.00*10.60*Medicaid*PYR0701100919~
CAS*CO*27*139.40~
CAS*PR*1*10.60~
NM1*QC*1*Miller*Ryan****MI*GRP83206386~
NM1*82*1*Smith*James****XX*1000032102~
DTM*232*20251224~
DTM*233*20251224~
SVC*HC:88173*150.00*0.00**2~
CAS*CO*27*139.40~
CAS*PR*1*10.60~
DTM*472*20251224~
REF*6R*LNCLM07011007744~
AMT*B6*0.00~
LQ*HE*N386~
CLP*CLM0701101*4*100.00*0.00*12.81*Medicaid*PYR0701101295~
CAS*OA*222*87.19~
CAS*PR*2*12.81~
NM1*QC*1*Moore*Donald****MI*INS14199687~
NM1*82*1*Smith*James****XX*1000032102~
DTM*232*20251118~
DTM*233*20251118~
SVC*HC:88341*100.00*0.00**1~
CAS*OA*222*87.19~
CAS*PR*2*12.81~
DTM*472*20251118~
REF*6R*LNCLM07011017748~
AMT*B6*0.00~
LQ*HE*N381~
CLP*CLM0701102*4*150.00*0.00*14.73*Medicaid*PYR0701102855~
CAS*CO*167*135.27~
CAS*PR*1*14.73~
NM1*QC*1*Thomas*Joseph****MI*GRP91218057~
NM1*82*1*Smith*James****XX*1000032102~
DTM*232*20250917~
DTM*233*20250917~
SVC*HC:88173*150.00*0.00**1~
CAS*CO*167*135.27~
CAS*PR*1*14.73~
DTM*472*20250917~
REF*6R*LNCLM07011028773~
AMT*B6*0.00~
LQ*HE*N386~
CLP*CLM0701103*4*100.00*0.00*0.00*Medicaid*PYR0701103307~
CAS*CO*50*100.00~
NM1*QC*1*Jones*Cynthia****MI*PLN83391018~
NM1*82*1*Smith*James****XX*1000032102~
DTM*232*20251117~
DTM*233*20251117~
SVC*HC:88341*100.00*0.00**2~
CAS*CO*50*100.00~
DTM*472*20251117~
REF*6R*LNCLM07011037152~
AMT*B6*0.00~
LQ*HE*N362~
CLP*CLM0701104*4*125.00*0.00*0.00*Medicaid*PYR0701104627~
CAS*CO*4*125.00~
NM1*QC*1*Johnson*Jeffrey****MI*MEM77991691~
NM1*82*1*Smith*James****XX*1000032102~
DTM*232*20251116~
DTM*233*20251116~
SVC*HC:88342*125.00*0.00**2~
CAS*CO*4*125.00~
DTM*472*20251116~
REF*6R*LNCLM07011045570~
AMT*B6*0.00~
LQ*HE*M15~
SE*78*00070011~
GE*1*70011~
IEA*1*007000011~