ISA*00*          *00*          *ZZ*60054          *ZZ*1000020202     *20260126*2335*^*00501*007000002*0*P*:~
GS*HP*60054*1000020202*20260126*2335*70002*X*005010X221A1~
ST*835*00070002~
BPR*H*0.00*C*NON************20260126~
TRN*1*TRC070024478*160054~
DTM*405*20260126~
N1*PR*Aetna*XV*60054~
N3*PO Box 62409~
N4*Columbus*OH*43085~
N1*PE*Patricia Johnson, MD*XX*1000020202~
N3*4705 River Rd~
N4*Chicago*IL*60601~
REF*TJ*855114030~
CLP*CLM0700200*4*125.00*0.00*0.00*PPO*PYR0700200200~
CAS*OA*27*125.00~
NM1*QC*1*Scott*Sharon****MI*PLN10380807~
NM1*82*1*Johnson*Patricia****XX*1000020202~
DTM*232*20251230~
DTM*233*20251230~
SVC*HC:88342*125.00*0.00**2~
CAS*OA*27*125.00~
DTM*472*20251230~
REF*6R*LNCLM07002006242~
AMT*B6*0.00~
LQ*HE*N362~
CLP*CLM0700201*4*125.00*0.00*0.00*PPO*PYR0700201229~
CAS*OA*31*125.00~
NM1*QC*1*Hill*Thomas****MI*GRP69148591~
NM1*82*1*Johnson*Patricia****XX*1000020202~
DTM*232*20250901~
DTM*233*20250901~
SVC*HC:88342*125.00*0.00**1~
CAS*OA*31*125.00~
DTM*472*20250901~
REF*6R*LNCLM07002019503~
AMT*B6*0.00~
LQ*HE*N362~
SE*36*00070002~
GE*1*70002~
IEA*1*007000002~