ISA*00*          *00*          *ZZ*91051          *ZZ*1000020102     *20251214*2335*^*00501*007000001*0*P*:~
GS*HP*91051*1000020102*20251214*2335*70001*X*005010X221A1~
ST*835*00070001~
BPR*H*0.00*C*NON************20251214~
TRN*1*TRC070019712*191051~
DTM*405*20251214~
N1*PR*Kaiser Permanente*XV*91051~
N3*PO Box 71898~
N4*Chicago*IL*60601~
N1*PE*Sarah Williams, DO*XX*1000020102~
N3*4750 Hill St~
N4*New York*NY*10001~
REF*TJ*675532183~
CLP*CLM0700100*4*60.00*0.00*0.00*HMO*PYR0700100335~
CAS*OA*31*60.00~
NM1*QC*1*Nguyen*Susan****MI*MEM81424256~
NM1*82*1*Williams*Sarah****XX*1000020102~
DTM*232*20251027~
DTM*233*20251027~
SVC*HC:88112*60.00*0.00**1~
CAS*OA*31*60.00~
DTM*472*20251027~
REF*6R*LNCLM07001006037~
AMT*B6*0.00~
LQ*HE*N362~
CLP*CLM0700101*4*125.00*0.00*0.00*HMO*PYR0700101468~
CAS*CO*22*125.00~
NM1*QC*1*Robinson*Andrew****MI*GRP83905964~
NM1*82*1*Williams*Sarah****XX*1000020102~
DTM*232*20260105~
DTM*233*20260106~
SVC*HC:88342*125.00*0.00**1~
CAS*CO*22*125.00~
DTM*472*20260105~
REF*6R*LNCLM07001013115~
AMT*B6*0.00~
LQ*HE*N362~
SE*36*00070001~
GE*1*70001~
IEA*1*007000001~