ISA*00*          *00*          *ZZ*BCBS1          *ZZ*1000026802     *20251204*2335*^*00501*007000008*0*P*:~
GS*HP*BCBS1*1000026802*20251204*2335*70008*X*005010X221A1~
ST*835*00070008~
BPR*H*0.00*C*NON************20251204~
TRN*1*TRC070085222*1BCBS1~
DTM*405*20251204~
N1*PR*Blue Cross Blue Shield*XV*BCBS1~
N3*PO Box 58364~
N4*Austin*TX*73301~
N1*PE*Maria Williams, MD*XX*1000026802~
N3*1847 Main St~
N4*Jacksonville*FL*32099~
REF*TJ*322235287~
CLP*CLM0700800*4*100.00*0.00*0.00*HMO*PYR0700800979~
CAS*PI*197*100.00~
NM1*QC*1*Moore*Ronald****MI*MEM90837330~
NM1*82*1*Williams*Maria****XX*1000026802~
DTM*232*20260109~
DTM*233*20260110~
SVC*HC:88341*100.00*0.00**1~
CAS*PI*197*100.00~
DTM*472*20260109~
REF*6R*LNCLM07008003567~
AMT*B6*0.00~
LQ*HE*MA130~
CLP*CLM0700801*4*18.00*0.00*0.00*HMO*PYR0700801797~
CAS*PI*50*18.00~
NM1*QC*1*Torres*Steven****MI*GRP29489214~
NM1*82*1*Williams*Maria****XX*1000026802~
DTM*232*20251121~
DTM*233*20251121~
SVC*HC:87086*18.00*0.00**2~
CAS*PI*50*18.00~
DTM*472*20251121~
REF*6R*LNCLM07008012996~
AMT*B6*0.00~
LQ*HE*MA130~
CLP*CLM0700802*4*18.00*0.00*0.00*HMO*PYR0700802199~
CAS*CO*197*18.00~
NM1*QC*1*Smith*Andrew****MI*MEM91038917~
NM1*82*1*Williams*Maria****XX*1000026802~
DTM*232*20250927~
DTM*233*20250927~
SVC*HC:87086*18.00*0.00**1~
CAS*CO*197*18.00~
DTM*472*20250927~
REF*6R*LNCLM07008024556~
AMT*B6*0.00~
LQ*HE*MA130~
SE*48*00070008~
GE*1*70008~
IEA*1*007000008~