ISA*00*          *00*          *ZZ*62308          *ZZ*1000026702     *20251221*2335*^*00501*007000007*0*P*:~
GS*HP*62308*1000026702*20251221*2335*70007*X*005010X221A1~
ST*835*00070007~
BPR*H*0.00*C*NON************20251221~
TRN*1*TRC070075618*162308~
DTM*405*20251221~
N1*PR*Cigna*XV*62308~
N3*PO Box 68322~
N4*San Jose*CA*95101~
N1*PE*Karen Brown, MD*XX*1000026702~
N3*5676 Lake Rd~
N4*Houston*TX*77001~
REF*TJ*585508073~
CLP*CLM0700700*4*100.00*0.00*0.00*PPO*PYR0700700626~
CAS*PI*197*100.00~
NM1*QC*1*Anderson*Kenneth****MI*INS41747025~
NM1*82*1*Brown*Karen****XX*1000026702~
DTM*232*20251205~
DTM*233*20251205~
SVC*HC:88304*100.00*0.00**1~
CAS*PI*197*100.00~
DTM*472*20251205~
REF*6R*LNCLM07007004431~
AMT*B6*0.00~
LQ*HE*MA130~
CLP*CLM0700701*4*100.00*0.00*0.00*PPO*PYR0700701781~
CAS*CO*197*100.00~
NM1*QC*1*Torres*Linda****MI*PLN89158788~
NM1*82*1*Brown*Karen****XX*1000026702~
DTM*232*20250824~
DTM*233*20250825~
SVC*HC:88304*100.00*0.00**1~
CAS*CO*197*100.00~
DTM*472*20250824~
REF*6R*LNCLM07007016765~
AMT*B6*0.00~
LQ*HE*MA130~
CLP*CLM0700702*4*75.00*0.00*0.00*PPO*PYR0700702519~
CAS*CO*197*75.00~
NM1*QC*1*Miller*Andrew****MI*INS70301405~
NM1*82*1*Brown*Karen****XX*1000026702~
DTM*232*20251120~
DTM*233*20251120~
SVC*HC:88302*75.00*0.00**1~
CAS*CO*197*75.00~
DTM*472*20251120~
REF*6R*LNCLM07007021190~
AMT*B6*0.00~
LQ*HE*MA130~
SE*48*00070007~
GE*1*70007~
IEA*1*007000007~