ISA*00*          *00*          *ZZ*62308          *ZZ*1000023602     *20251229*2335*^*00501*007000006*0*P*:~
GS*HP*62308*1000023602*20251229*2335*70006*X*005010X221A1~
ST*835*00070006~
BPR*H*0.00*C*NON************20251229~
TRN*1*TRC070064414*162308~
DTM*405*20251229~
N1*PR*Cigna*XV*62308~
N3*PO Box 93314~
N4*Fort Worth*TX*76101~
N1*PE*William Anderson, MD FACS*XX*1000023602~
N3*1621 Maple Dr~
N4*Charlotte*NC*28201~
REF*TJ*286908885~
CLP*CLM0700600*4*60.00*0.00*0.00*PPO*PYR0700600688~
CAS*CO*97*60.00~
NM1*QC*1*Adams*Sharon****MI*PLN42641047~
NM1*82*1*Anderson*William****XX*1000023602~
DTM*232*20250929~
DTM*233*20250929~
SVC*HC:88112*60.00*0.00**1~
CAS*CO*97*60.00~
DTM*472*20250929~
REF*6R*LNCLM07006003632~
AMT*B6*0.00~
LQ*HE*N386~
CLP*CLM0700601*4*125.00*0.00*0.00*PPO*PYR0700601211~
CAS*CO*4*125.00~
NM1*QC*1*Martin*Thomas****MI*GRP12142714~
NM1*82*1*Anderson*William****XX*1000023602~
DTM*232*20260120~
DTM*233*20260121~
SVC*HC:88342*125.00*0.00**1~
CAS*CO*4*125.00~
DTM*472*20260120~
REF*6R*LNCLM07006014241~
AMT*B6*0.00~
LQ*HE*N386~
CLP*CLM0700602*4*125.00*0.00*0.00*PPO*PYR0700602119~
CAS*CO*97*125.00~
NM1*QC*1*Lopez*Daniel****MI*GRP57217152~
NM1*82*1*Anderson*William****XX*1000023602~
DTM*232*20260102~
DTM*233*20260102~
SVC*HC:88342*125.00*0.00**3~
CAS*CO*97*125.00~
DTM*472*20260102~
REF*6R*LNCLM07006027905~
AMT*B6*0.00~
LQ*HE*N386~
SE*48*00070006~
GE*1*70006~
IEA*1*007000006~