ISA*00*          *00*          *ZZ*91051          *ZZ*1000032202     *20251228*2335*^*00501*007000012*0*P*:~
GS*HP*91051*1000032202*20251228*2335*70012*X*005010X221A1~
ST*835*00070012~
BPR*H*41.80*C*NON************20251228~
TRN*1*TRC070125011*191051~
DTM*405*20251228~
N1*PR*Kaiser Permanente*XV*91051~
N3*PO Box 51158~
N4*Dallas*TX*75201~
N1*PE*Jennifer Williams, MD PhD*XX*1000032202~
N3*1710 Hill St~
N4*Jacksonville*FL*32099~
REF*TJ*801254314~
CLP*CLM0701200*4*175.00*0.00*0.00*HMO*PYR0701200271~
CAS*OA*4*175.00~
NM1*QC*1*White*Robert****MI*GRP47229228~
NM1*82*1*Williams*Jennifer****XX*1000032202~
DTM*232*20251211~
DTM*233*20251212~
SVC*HC:88321*175.00*0.00**1~
CAS*OA*4*175.00~
DTM*472*20251211~
REF*6R*LNCLM07012001222~
AMT*B6*0.00~
LQ*HE*M15~
CLP*CLM0701201*4*18.00*0.00*0.00*HMO*PYR0701201509~
CAS*PI*11*18.00~
NM1*QC*1*Adams*Jeffrey****MI*GRP41150978~
NM1*82*1*Williams*Jennifer****XX*1000032202~
DTM*232*20251107~
DTM*233*20251107~
SVC*HC:87086*18.00*0.00**1~
CAS*PI*11*18.00~
DTM*472*20251107~
REF*6R*LNCLM07012015650~
AMT*B6*0.00~
LQ*HE*N479~
CLP*CLM0701202*4*125.00*0.00*7.90*HMO*PYR0701202230~
CAS*OA*27*117.10~
CAS*PR*2*7.90~
NM1*QC*1*White*Emily****MI*GRP39191531~
NM1*82*1*Williams*Jennifer****XX*1000032202~
DTM*232*20250902~
DTM*233*20250902~
SVC*HC:88305*125.00*0.00**1~
CAS*OA*27*117.10~
CAS*PR*2*7.90~
DTM*472*20250902~
REF*6R*LNCLM07012029137~
AMT*B6*0.00~
LQ*HE*N479~
CLP*CLM0701203*2*175.00*35.55*31.86*HMO*PYR0701203890~
CAS*PI*96*107.59~
CAS*PR*3*31.86~
NM1*QC*1*Sanchez*Melissa****MI*PLN40811152~
NM1*82*1*Williams*Jennifer****XX*1000032202~
DTM*232*20251221~
DTM*233*20251222~
SVC*HC:88360*175.00*35.55**1~
CAS*PI*96*107.59~
CAS*PR*3*31.86~
DTM*472*20251221~
REF*6R*LNCLM07012037630~
AMT*B6*67.41~
LQ*HE*MA04~
CLP*CLM0701204*2*15.00*6.25*0.76*HMO*PYR0701204563~
CAS*PI*11*7.99~
CAS*PR*2*0.76~
NM1*QC*1*Miller*George****MI*GRP25904938~
NM1*82*1*Williams*Jennifer****XX*1000032202~
DTM*232*20251117~
DTM*233*20251117~
SVC*HC:85025*15.00*6.25**1~
CAS*PI*11*7.99~
CAS*PR*2*0.76~
DTM*472*20251117~
REF*6R*LNCLM07012044480~
AMT*B6*7.01~
LQ*HE*MA04~
SE*78*00070012~
GE*1*70012~
IEA*1*007000012~