ISA*00*          *00*          *ZZ*MDCD           *ZZ*1000010202     *20260102*2335*^*00501*011000002*0*P*:~
GS*HP*MDCD*1000010202*20260102*2335*110002*X*005010X221A1~
ST*835*00110002~
BPR*H*0.00*C*NON************20260102~
TRN*1*TRC110027023*1MDCD~
DTM*405*20260102~
N1*PR*Medicaid*XV*MDCD~
N3*PO Box 98253~
N4*Denver*CO*80201~
N1*PE*Michael Kim, MD*XX*1000010202~
N3*5998 Elm Blvd~
N4*Houston*TX*77001~
REF*TJ*206055090~
CLP*CLM1100200*4*350.00*0.00*0.00*Medicaid*PYR1100200690~
CAS*CO*27*350.00~
NM1*QC*1*Hernandez*Karen****MI*INS83061858~
NM1*82*1*Kim*Michael****XX*1000010202~
DTM*232*20250911~
DTM*233*20250911~
SVC*HC:62323*350.00*0.00**1~
CAS*CO*27*350.00~
DTM*472*20250911~
REF*6R*LNCLM11002006534~
AMT*B6*0.00~
LQ*HE*N362~
CLP*CLM1100201*4*500.00*0.00*0.00*Medicaid*PYR1100201294~
CAS*OA*22*500.00~
NM1*QC*1*Robinson*Brian****MI*INS19424383~
NM1*82*1*Kim*Michael****XX*1000010202~
DTM*232*20260120~
DTM*233*20260121~
SVC*HC:01480*500.00*0.00**1~
CAS*OA*22*500.00~
DTM*472*20260120~
REF*6R*LNCLM11002017168~
AMT*B6*0.00~
LQ*HE*N362~
CLP*CLM1100202*4*750.00*0.00*0.00*Medicaid*PYR1100202906~
CAS*OA*22*750.00~
NM1*QC*1*Hall*Carol****MI*PLN49462176~
NM1*82*1*Kim*Michael****XX*1000010202~
DTM*232*20251029~
DTM*233*20251030~
SVC*HC:00540*750.00*0.00**2~
CAS*OA*22*750.00~
DTM*472*20251029~
REF*6R*LNCLM11002022080~
AMT*B6*0.00~
LQ*HE*N362~
SE*48*00110002~
GE*1*110002~
IEA*1*011000002~