ISA*00*          *00*          *ZZ*CMS            *ZZ*1000010302     *20260105*2335*^*00501*011000003*0*P*:~
GS*HP*CMS*1000010302*20260105*2335*110003*X*005010X221A1~
ST*835*00110003~
BPR*H*0.00*C*NON************20260105~
TRN*1*TRC110039881*1CMS~
DTM*405*20260105~
N1*PR*Medicare Part B*XV*CMS~
N3*PO Box 19362~
N4*Chicago*IL*60601~
N1*PE*Angela Anderson, MD*XX*1000010302~
N3*505 Cedar Ln~
N4*Seattle*WA*98101~
REF*TJ*730755774~
CLP*CLM1100300*4*450.00*0.00*0.00*Medicare*PYR1100300638~
CAS*OA*27*450.00~
NM1*QC*1*Ramirez*Susan****MI*PLN84840456~
NM1*82*1*Anderson*Angela****XX*1000010302~
DTM*232*20260113~
DTM*233*20260114~
SVC*HC:00100*450.00*0.00**1~
CAS*OA*27*450.00~
DTM*472*20260113~
REF*6R*LNCLM11003006172~
AMT*B6*0.00~
LQ*HE*N362~
CLP*CLM1100301*4*575.00*0.00*0.00*Medicare*PYR1100301146~
CAS*CO*31*575.00~
NM1*QC*1*Young*Mary****MI*GRP78725047~
NM1*82*1*Anderson*Angela****XX*1000010302~
DTM*232*20251207~
DTM*233*20251208~
SVC*HC:00810*575.00*0.00**3~
CAS*CO*31*575.00~
DTM*472*20251207~
REF*6R*LNCLM11003013209~
AMT*B6*0.00~
LQ*HE*N362~
CLP*CLM1100302*4*450.00*0.00*0.00*Medicare*PYR1100302397~
CAS*CO*22*450.00~
NM1*QC*1*Anderson*Jeffrey****MI*GRP75857754~
NM1*82*1*Anderson*Angela****XX*1000010302~
DTM*232*20251031~
DTM*233*20251031~
SVC*HC:00100*450.00*0.00**1~
CAS*CO*22*450.00~
DTM*472*20251031~
REF*6R*LNCLM11003026884~
AMT*B6*0.00~
LQ*HE*N362~
SE*48*00110003~
GE*1*110003~
IEA*1*011000003~