ISA*00*          *00*          *ZZ*99726          *ZZ*1000013502     *20260125*2335*^*00501*011000005*0*P*:~
GS*HP*99726*1000013502*20260125*2335*110005*X*005010X221A1~
ST*835*00110005~
BPR*H*0.00*C*NON************20260125~
TRN*1*TRC110059331*199726~
DTM*405*20260125~
N1*PR*Tricare*XV*99726~
N3*PO Box 41068~
N4*Austin*TX*73301~
N1*PE*Michael Anderson, MD FACS*XX*1000013502~
N3*200 Washington Ave~
N4*Austin*TX*73301~
REF*TJ*500672205~
CLP*CLM1100500*4*650.00*0.00*0.00*Government*PYR1100500267~
CAS*CO*4*650.00~
NM1*QC*1*Wright*Paul****MI*INS13660270~
NM1*82*1*Anderson*Michael****XX*1000013502~
DTM*232*20250909~
DTM*233*20250909~
SVC*HC:01961*650.00*0.00**2~
CAS*CO*4*650.00~
DTM*472*20250909~
REF*6R*LNCLM11005009122~
AMT*B6*0.00~
LQ*HE*N386~
CLP*CLM1100501*4*450.00*0.00*0.00*Government*PYR1100501494~
CAS*CO*97*450.00~
NM1*QC*1*Ramirez*Michelle****MI*INS71788189~
NM1*82*1*Anderson*Michael****XX*1000013502~
DTM*232*20250901~
DTM*233*20250902~
SVC*HC:00100*450.00*0.00**1~
CAS*CO*97*450.00~
DTM*472*20250901~
REF*6R*LNCLM11005016190~
AMT*B6*0.00~
LQ*HE*N386~
CLP*CLM1100502*4*650.00*0.00*0.00*Government*PYR1100502773~
CAS*CO*11*650.00~
NM1*QC*1*Nguyen*Elizabeth****MI*GRP38409704~
NM1*82*1*Anderson*Michael****XX*1000013502~
DTM*232*20251006~
DTM*233*20251006~
SVC*HC:01961*650.00*0.00**2~
CAS*CO*11*650.00~
DTM*472*20251006~
REF*6R*LNCLM11005022223~
AMT*B6*0.00~
LQ*HE*N386~
SE*48*00110005~
GE*1*110005~
IEA*1*011000005~