ISA*00*          *00*          *ZZ*99726          *ZZ*1000018902     *20251223*2335*^*00501*011000009*0*P*:~
GS*HP*99726*1000018902*20251223*2335*110009*X*005010X221A1~
ST*835*00110009~
BPR*H*0.00*C*NON************20251223~
TRN*1*TRC110096029*199726~
DTM*405*20251223~
N1*PR*Tricare*XV*99726~
N3*PO Box 83903~
N4*Fort Worth*TX*76101~
N1*PE*Elizabeth Johnson, DO*XX*1000018902~
N3*6236 Valley View Dr~
N4*Chicago*IL*60601~
REF*TJ*952207430~
CLP*CLM1100900*4*500.00*0.00*0.00*Government*PYR1100900569~
CAS*OA*109*500.00~
NM1*QC*1*Thompson*Kevin****MI*GRP83085589~
NM1*82*1*Johnson*Elizabeth****XX*1000018902~
DTM*232*20251209~
DTM*233*20251209~
SVC*HC:01480*500.00*0.00**1~
CAS*OA*109*500.00~
DTM*472*20251209~
REF*6R*LNCLM11009001199~
AMT*B6*0.00~
LQ*HE*N381~
CLP*CLM1100901*4*150.00*0.00*0.00*Government*PYR1100901976~
CAS*PI*109*150.00~
NM1*QC*1*Williams*Andrew****MI*INS67510398~
NM1*82*1*Johnson*Elizabeth****XX*1000018902~
DTM*232*20251114~
DTM*233*20251115~
SVC*HC:99140*150.00*0.00**1~
CAS*PI*109*150.00~
DTM*472*20251114~
REF*6R*LNCLM11009012810~
AMT*B6*0.00~
LQ*HE*N381~
CLP*CLM1100902*4*150.00*0.00*0.00*Government*PYR1100902211~
CAS*PI*222*150.00~
NM1*QC*1*Miller*Sarah****MI*GRP87267057~
NM1*82*1*Johnson*Elizabeth****XX*1000018902~
DTM*232*20251125~
DTM*233*20251126~
SVC*HC:99140*150.00*0.00**3~
CAS*PI*222*150.00~
DTM*472*20251125~
REF*6R*LNCLM11009022626~
AMT*B6*0.00~
LQ*HE*N381~
SE*48*00110009~
GE*1*110009~
IEA*1*011000009~