ISA*00*          *00*          *ZZ*60054          *ZZ*1000013602     *20260202*2335*^*00501*011000006*0*P*:~
GS*HP*60054*1000013602*20260202*2335*110006*X*005010X221A1~
ST*835*00110006~
BPR*H*0.00*C*NON************20260202~
TRN*1*TRC110068664*160054~
DTM*405*20260202~
N1*PR*Aetna*XV*60054~
N3*PO Box 99347~
N4*Houston*TX*77001~
N1*PE*William Patel, MD*XX*1000013602~
N3*4201 Church St~
N4*Denver*CO*80201~
REF*TJ*332709227~
CLP*CLM1100600*4*575.00*0.00*0.00*PPO*PYR1100600929~
CAS*CO*97*575.00~
NM1*QC*1*Flores*Sarah****MI*MEM24665172~
NM1*82*1*Patel*William****XX*1000013602~
DTM*232*20251210~
DTM*233*20251210~
SVC*HC:00810*575.00*0.00**1~
CAS*CO*97*575.00~
DTM*472*20251210~
REF*6R*LNCLM11006002783~
AMT*B6*0.00~
LQ*HE*N386~
CLP*CLM1100601*4*550.00*0.00*0.00*PPO*PYR1100601163~
CAS*CO*97*550.00~
NM1*QC*1*Perez*George****MI*PLN83385495~
NM1*82*1*Patel*William****XX*1000013602~
DTM*232*20260107~
DTM*233*20260108~
SVC*HC:00630*550.00*0.00**3~
CAS*CO*97*550.00~
DTM*472*20260107~
REF*6R*LNCLM11006019608~
AMT*B6*0.00~
LQ*HE*N386~
CLP*CLM1100602*4*550.00*0.00*0.00*PPO*PYR1100602323~
CAS*CO*167*550.00~
NM1*QC*1*Rivera*Steven****MI*GRP87372099~
NM1*82*1*Patel*William****XX*1000013602~
DTM*232*20251207~
DTM*233*20251207~
SVC*HC:00630*550.00*0.00**2~
CAS*CO*167*550.00~
DTM*472*20251207~
REF*6R*LNCLM11006026422~
AMT*B6*0.00~
LQ*HE*N386~
SE*48*00110006~
GE*1*110006~
IEA*1*011000006~