ISA*00*          *00*          *ZZ*91051          *ZZ*1000022102     *20251211*2335*^*00501*011000011*0*P*:~
GS*HP*91051*1000022102*20251211*2335*110011*X*005010X221A1~
ST*835*00110011~
BPR*H*0.00*C*NON************20251211~
TRN*1*TRC110117088*191051~
DTM*405*20251211~
N1*PR*Kaiser Permanente*XV*91051~
N3*PO Box 14702~
N4*Seattle*WA*98101~
N1*PE*Angela Johnson, MD FACS*XX*1000022102~
N3*1896 Spring Ln~
N4*Austin*TX*73301~
REF*TJ*373022425~
CLP*CLM1101100*4*400.00*0.00*0.00*HMO*PYR1101100968~
CAS*PI*109*400.00~
NM1*QC*1*King*Brian****MI*PLN47339232~
NM1*82*1*Johnson*Angela****XX*1000022102~
DTM*232*20251228~
DTM*233*20251228~
SVC*HC:00142*400.00*0.00**1~
CAS*PI*109*400.00~
DTM*472*20251228~
REF*6R*LNCLM11011002250~
AMT*B6*0.00~
LQ*HE*N95~
CLP*CLM1101101*4*400.00*0.00*0.00*HMO*PYR1101101546~
CAS*CO*96*400.00~
NM1*QC*1*Sanchez*Ronald****MI*INS71891868~
NM1*82*1*Johnson*Angela****XX*1000022102~
DTM*232*20260113~
DTM*233*20260113~
SVC*HC:64483*400.00*0.00**2~
CAS*CO*96*400.00~
DTM*472*20260113~
REF*6R*LNCLM11011019945~
AMT*B6*0.00~
LQ*HE*N95~
CLP*CLM1101102*4*600.00*0.00*0.00*HMO*PYR1101102436~
CAS*OA*11*600.00~
NM1*QC*1*Garcia*Amanda****MI*INS64548998~
NM1*82*1*Johnson*Angela****XX*1000022102~
DTM*232*20251030~
DTM*233*20251030~
SVC*HC:00400*600.00*0.00**1~
CAS*OA*11*600.00~
DTM*472*20251030~
REF*6R*LNCLM11011027185~
AMT*B6*0.00~
LQ*HE*N386~
CLP*CLM1101103*4*400.00*0.00*0.00*HMO*PYR1101103502~
CAS*PI*167*400.00~
NM1*QC*1*Allen*Joseph****MI*PLN23928216~
NM1*82*1*Johnson*Angela****XX*1000022102~
DTM*232*20251001~
DTM*233*20251001~
SVC*HC:00142*400.00*0.00**2~
CAS*PI*167*400.00~
DTM*472*20251001~
REF*6R*LNCLM11011034591~
AMT*B6*0.00~
LQ*HE*M15~
SE*60*00110011~
GE*1*110011~
IEA*1*011000011~