ISA*00*          *00*          *ZZ*61101          *ZZ*1000019002     *20260121*2335*^*00501*011000010*0*P*:~
GS*HP*61101*1000019002*20260121*2335*110010*X*005010X221A1~
ST*835*00110010~
BPR*H*0.00*C*NON************20260121~
TRN*1*TRC110107578*161101~
DTM*405*20260121~
N1*PR*Humana*XV*61101~
N3*PO Box 86233~
N4*Nashville*TN*37201~
N1*PE*Sarah Johnson, MD*XX*1000019002~
N3*9790 Sunset Blvd~
N4*Indianapolis*IN*46201~
REF*TJ*616041327~
CLP*CLM1101000*4*600.00*0.00*0.00*HMO*PYR1101000795~
CAS*OA*96*600.00~
NM1*QC*1*Martinez*Joseph****MI*PLN43351112~
NM1*82*1*Johnson*Sarah****XX*1000019002~
DTM*232*20251108~
DTM*233*20251108~
SVC*HC:00740*600.00*0.00**1~
CAS*OA*96*600.00~
DTM*472*20251108~
REF*6R*LNCLM11010005183~
AMT*B6*0.00~
LQ*HE*N381~
CLP*CLM1101001*4*600.00*0.00*0.00*HMO*PYR1101001414~
CAS*OA*109*600.00~
NM1*QC*1*Lopez*Brian****MI*INS40357271~
NM1*82*1*Johnson*Sarah****XX*1000019002~
DTM*232*20251201~
DTM*233*20251201~
SVC*HC:00740*600.00*0.00**1~
CAS*OA*109*600.00~
DTM*472*20251201~
REF*6R*LNCLM11010017147~
AMT*B6*0.00~
LQ*HE*N381~
CLP*CLM1101002*4*500.00*0.00*0.00*HMO*PYR1101002282~
CAS*PI*222*500.00~
NM1*QC*1*Moore*Stephanie****MI*PLN54942019~
NM1*82*1*Johnson*Sarah****XX*1000019002~
DTM*232*20251010~
DTM*233*20251010~
SVC*HC:01480*500.00*0.00**1~
CAS*PI*222*500.00~
DTM*472*20251010~
REF*6R*LNCLM11010021666~
AMT*B6*0.00~
LQ*HE*N381~
SE*48*00110010~
GE*1*110010~
IEA*1*011000010~