ISA*00*          *00*          *ZZ*87726          *ZZ*1000013402     *20251222*2335*^*00501*011000004*0*P*:~
GS*HP*87726*1000013402*20251222*2335*110004*X*005010X221A1~
ST*835*00110004~
BPR*H*0.00*C*NON************20251222~
TRN*1*TRC110046579*187726~
DTM*405*20251222~
N1*PR*UnitedHealthcare*XV*87726~
N3*PO Box 60981~
N4*Houston*TX*77001~
N1*PE*Christine Lewis, MD*XX*1000013402~
N3*3883 Washington Ave~
N4*Jacksonville*FL*32099~
REF*TJ*938961875~
CLP*CLM1100400*4*600.00*0.00*0.00*PPO*PYR1100400857~
CAS*CO*97*600.00~
NM1*QC*1*Jackson*Dorothy****MI*INS99385017~
NM1*82*1*Lewis*Christine****XX*1000013402~
DTM*232*20251220~
DTM*233*20251220~
SVC*HC:00740*600.00*0.00**1~
CAS*CO*97*600.00~
DTM*472*20251220~
REF*6R*LNCLM11004009779~
AMT*B6*0.00~
LQ*HE*N386~
CLP*CLM1100401*4*400.00*0.00*0.00*PPO*PYR1100401890~
CAS*CO*4*400.00~
NM1*QC*1*Taylor*Patricia****MI*INS59722539~
NM1*82*1*Lewis*Christine****XX*1000013402~
DTM*232*20260101~
DTM*233*20260101~
SVC*HC:00142*400.00*0.00**3~
CAS*CO*4*400.00~
DTM*472*20260101~
REF*6R*LNCLM11004015201~
AMT*B6*0.00~
LQ*HE*N386~
CLP*CLM1100402*4*400.00*0.00*0.00*PPO*PYR1100402657~
CAS*CO*4*400.00~
NM1*QC*1*Taylor*Charles****MI*PLN47209393~
NM1*82*1*Lewis*Christine****XX*1000013402~
DTM*232*20250913~
DTM*233*20250913~
SVC*HC:00142*400.00*0.00**1~
CAS*CO*4*400.00~
DTM*472*20250913~
REF*6R*LNCLM11004023005~
AMT*B6*0.00~
LQ*HE*N386~
SE*48*00110004~
GE*1*110004~
IEA*1*011000004~