ISA*00*          *00*          *ZZ*CMS            *ZZ*1000022202     *20260105*2335*^*00501*011000012*0*P*:~
GS*HP*CMS*1000022202*20260105*2335*110012*X*005010X221A1~
ST*835*00110012~
BPR*H*208.38*C*NON************20260105~
TRN*1*TRC110127619*1CMS~
DTM*405*20260105~
N1*PR*Medicare Part B*XV*CMS~
N3*PO Box 90038~
N4*Chicago*IL*60601~
N1*PE*Daniel Thompson, MD*XX*1000022202~
N3*9661 Maple Dr~
N4*Houston*TX*77001~
REF*TJ*940379522~
CLP*CLM1101200*4*500.00*0.00*0.00*Medicare*PYR1101200356~
CAS*OA*97*500.00~
NM1*QC*1*Hernandez*George****MI*INS53810905~
NM1*82*1*Thompson*Daniel****XX*1000022202~
DTM*232*20250918~
DTM*233*20250918~
SVC*HC:01480*500.00*0.00**1~
CAS*OA*97*500.00~
DTM*472*20250918~
REF*6R*LNCLM11012005368~
AMT*B6*0.00~
LQ*HE*MA130~
CLP*CLM1101201*4*500.00*0.00*0.00*Medicare*PYR1101201913~
CAS*CO*31*500.00~
NM1*QC*1*Rivera*Anthony****MI*GRP31358064~
NM1*82*1*Thompson*Daniel****XX*1000022202~
DTM*232*20251009~
DTM*233*20251010~
SVC*HC:01967*500.00*0.00**1~
CAS*CO*31*500.00~
DTM*472*20251009~
REF*6R*LNCLM11012011757~
AMT*B6*0.00~
LQ*HE*N386~
CLP*CLM1101202*2*500.00*130.70*30.65*Medicare*PYR1101202923~
CAS*OA*167*338.65~
CAS*PR*3*30.65~
NM1*QC*1*Taylor*Joseph****MI*GRP65735899~
NM1*82*1*Thompson*Daniel****XX*1000022202~
DTM*232*20260103~
DTM*233*20260103~
SVC*HC:01967*500.00*130.70**2~
CAS*OA*167*338.65~
CAS*PR*3*30.65~
DTM*472*20260103~
REF*6R*LNCLM11012023113~
AMT*B6*161.35~
LQ*HE*MA130~
CLP*CLM1101203*2*400.00*77.68*79.40*Medicare*PYR1101203884~
CAS*PI*109*242.92~
CAS*PR*1*79.40~
NM1*QC*1*Wright*Kevin****MI*GRP26286367~
NM1*82*1*Thompson*Daniel****XX*1000022202~
DTM*232*20251126~
DTM*233*20251126~
SVC*HC:64483*400.00*77.68**2~
CAS*PI*109*242.92~
CAS*PR*1*79.40~
DTM*472*20251126~
REF*6R*LNCLM11012039446~
AMT*B6*157.08~
LQ*HE*N479~
CLP*CLM1101204*4*500.00*0.00*0.00*Medicare*PYR1101204439~
CAS*PI*31*500.00~
NM1*QC*1*Nguyen*Sandra****MI*INS48617061~
NM1*82*1*Thompson*Daniel****XX*1000022202~
DTM*232*20251005~
DTM*233*20251006~
SVC*HC:01967*500.00*0.00**1~
CAS*PI*31*500.00~
DTM*472*20251005~
REF*6R*LNCLM11012045776~
AMT*B6*0.00~
LQ*HE*MA04~
SE*76*00110012~
GE*1*110012~
IEA*1*011000012~