ISA*00*          *00*          *ZZ*62308          *ZZ*1000016702     *20260109*2335*^*00501*011000007*0*P*:~
GS*HP*62308*1000016702*20260109*2335*110007*X*005010X221A1~
ST*835*00110007~
BPR*H*0.00*C*NON************20260109~
TRN*1*TRC110077473*162308~
DTM*405*20260109~
N1*PR*Cigna*XV*62308~
N3*PO Box 49418~
N4*Columbus*OH*43085~
N1*PE*Karen Scott, MD*XX*1000016702~
N3*4517 Lake Rd~
N4*New York*NY*10001~
REF*TJ*918247814~
CLP*CLM1100700*4*500.00*0.00*0.00*PPO*PYR1100700558~
CAS*CO*50*500.00~
NM1*QC*1*White*Deborah****MI*GRP68983997~
NM1*82*1*Scott*Karen****XX*1000016702~
DTM*232*20251218~
DTM*233*20251218~
SVC*HC:01967*500.00*0.00**1~
CAS*CO*50*500.00~
DTM*472*20251218~
REF*6R*LNCLM11007002459~
AMT*B6*0.00~
LQ*HE*MA130~
CLP*CLM1100701*4*600.00*0.00*0.00*PPO*PYR1100701715~
CAS*CO*197*600.00~
NM1*QC*1*King*Linda****MI*MEM31228793~
NM1*82*1*Scott*Karen****XX*1000016702~
DTM*232*20250930~
DTM*233*20250930~
SVC*HC:00740*600.00*0.00**1~
CAS*CO*197*600.00~
DTM*472*20250930~
REF*6R*LNCLM11007014711~
AMT*B6*0.00~
LQ*HE*MA130~
CLP*CLM1100702*4*400.00*0.00*0.00*PPO*PYR1100702851~
CAS*CO*197*400.00~
NM1*QC*1*Hernandez*Ryan****MI*GRP82279977~
NM1*82*1*Scott*Karen****XX*1000016702~
DTM*232*20251218~
DTM*233*20251219~
SVC*HC:64483*400.00*0.00**1~
CAS*CO*197*400.00~
DTM*472*20251218~
REF*6R*LNCLM11007021739~
AMT*B6*0.00~
LQ*HE*MA130~
SE*48*00110007~
GE*1*110007~
IEA*1*011000007~