ISA*00*          *00*          *ZZ*CMS            *ZZ*1000010102     *20251223*2335*^*00501*011000001*0*P*:~
GS*HP*CMS*1000010102*20251223*2335*110001*X*005010X221A1~
ST*835*00110001~
BPR*H*0.00*C*NON************20251223~
TRN*1*TRC110017658*1CMS~
DTM*405*20251223~
N1*PR*Medicare Part B*XV*CMS~
N3*PO Box 47170~
N4*Fort Worth*TX*76101~
N1*PE*Stephen Smith, DO FACP*XX*1000010102~
N3*5619 Sunset Blvd~
N4*Denver*CO*80201~
REF*TJ*228286961~
CLP*CLM1100100*4*550.00*0.00*0.00*Medicare*PYR1100100973~
CAS*OA*27*550.00~
NM1*QC*1*Hall*Anthony****MI*GRP47653871~
NM1*82*1*Smith*Stephen****XX*1000010102~
DTM*232*20251221~
DTM*233*20251221~
SVC*HC:00630*550.00*0.00**3~
CAS*OA*27*550.00~
DTM*472*20251221~
REF*6R*LNCLM11001004480~
AMT*B6*0.00~
LQ*HE*N362~
CLP*CLM1100101*4*550.00*0.00*0.00*Medicare*PYR1100101178~
CAS*CO*27*550.00~
NM1*QC*1*Garcia*Daniel****MI*GRP72724113~
NM1*82*1*Smith*Stephen****XX*1000010102~
DTM*232*20251129~
DTM*233*20251130~
SVC*HC:00630*550.00*0.00**3~
CAS*CO*27*550.00~
DTM*472*20251129~
REF*6R*LNCLM11001019025~
AMT*B6*0.00~
LQ*HE*N362~
SE*36*00110001~
GE*1*110001~
IEA*1*011000001~