ISA*00*          *00*          *ZZ*87726          *ZZ*1000016802     *20251210*2335*^*00501*011000008*0*P*:~
GS*HP*87726*1000016802*20251210*2335*110008*X*005010X221A1~
ST*835*00110008~
BPR*H*0.00*C*NON************20251210~
TRN*1*TRC110086362*187726~
DTM*405*20251210~
N1*PR*UnitedHealthcare*XV*87726~
N3*PO Box 17913~
N4*San Antonio*TX*78201~
N1*PE*Stephen Garcia, MD FACS*XX*1000016802~
N3*8946 River Rd~
N4*Dallas*TX*75201~
REF*TJ*756135501~
CLP*CLM1100800*4*550.00*0.00*0.00*PPO*PYR1100800356~
CAS*CO*197*550.00~
NM1*QC*1*Lewis*Thomas****MI*MEM28378637~
NM1*82*1*Garcia*Stephen****XX*1000016802~
DTM*232*20250903~
DTM*233*20250903~
SVC*HC:00630*550.00*0.00**2~
CAS*CO*197*550.00~
DTM*472*20250903~
REF*6R*LNCLM11008006314~
AMT*B6*0.00~
LQ*HE*MA130~
CLP*CLM1100801*4*300.00*0.00*0.00*PPO*PYR1100801922~
CAS*CO*197*300.00~
NM1*QC*1*Hill*Timothy****MI*GRP12090047~
NM1*82*1*Garcia*Stephen****XX*1000016802~
DTM*232*20250904~
DTM*233*20250904~
SVC*HC:64415*300.00*0.00**2~
CAS*CO*197*300.00~
DTM*472*20250904~
REF*6R*LNCLM11008011468~
AMT*B6*0.00~
LQ*HE*MA130~
SE*36*00110008~
GE*1*110008~
IEA*1*011000008~