ISA*00*          *00*          *ZZ*CMS            *ZZ*1000020002     *260217*2334*^*00501*000020001*0*P*:~
GS*HP*CMS*1000020002*20260217*2334*20002*X*005010X221A1~
ST*835*20003*005010X221A1~
BPR*I*0.00*C*ACH*CCP*01*071000013*DA*2345678901*CMS**01*122000247*DA*1234567890*20260217~
TRN*1*T000000020000*1327021529~
DTM*405*20260217~
N1*PR*Medicare Part B~
N3*7173 Hill St~
N4*Columbus*OH*43085~
REF*2U*CMS~
N1*PE*Wright Patricia*XX*1000020002~
N3*7732 River Rd~
N4*Charlotte*NC*28201~
REF*TJ*329645578~
CLP*CLM0200000*4*185.00*0.00*0.00*MA*PCN287777690*11*1~
CAS*CO*16*185.00*1~
NM1*QC*1*Anderson*William****MI*INS32951788~
NM1*82*1*Wright*Patricia****XX*1000020002~
DTM*232*20260112~
DTM*233*20260113~
SVC*HC:99214:50*145.00*0.00**1~
DTM*472*20260112~
CAS*CO*16*145.00*1~
REF*6R*LNCLM020000000~
AMT*B6*0.00~
LQ*HE*N479~
SVC*HC:95115:TC*40.00*0.00**2~
DTM*472*20260112~
CAS*CO*16*40.00*2~
REF*6R*LNCLM020000001~
AMT*B6*0.00~
LQ*HE*N95~
CLP*CLM0200001*4*30.00*0.00*0.00*MA*PCN671622117*11*1~
CAS*CO*16*30.00*1~
NM1*QC*1*Hill*Jennifer****MI*INS10609341~
NM1*82*1*Wright*Patricia****XX*1000020002~
DTM*232*20251218~
DTM*233*20251219~
SVC*HC:86005:26*30.00*0.00**2~
DTM*472*20251218~
CAS*CO*16*30.00*2~
REF*6R*LNCLM020000100~
AMT*B6*0.00~
LQ*HE*N386~
SE*43*20003~
GE*1*20002~
IEA*1*000020001~