ISA*00*          *00*          *ZZ*ANTM1          *ZZ*1000020102     *260127*2334*^*00501*000020101*0*P*:~
GS*HP*ANTM1*1000020102*20260127*2334*20102*X*005010X221A1~
ST*835*20103*005010X221A1~
BPR*I*0.00*C*ACH*CCP*01*081000032*DA*6789012345*ANTM1**01*021202337*DA*8901234567*20260127~
TRN*1*T000000020100*1977852289~
DTM*405*20260127~
N1*PR*Anthem~
N3*5293 College Ave~
N4*Houston*TX*77001~
REF*2U*ANTM1~
N1*PE*Garcia Christine*XX*1000020102~
N3*6148 Market St~
N4*Chicago*IL*60601~
REF*TJ*794317660~
CLP*CLM0200100*4*12.00*0.00*0.00*12*PCN496414863*11*1~
CAS*CO*197*12.00*1~
NM1*QC*1*Johnson*Joshua****MI*MEM70276515~
NM1*82*1*Garcia*Christine****XX*1000020102~
DTM*232*20260118~
DTM*233*20260118~
SVC*HC:95024:51*12.00*0.00**1~
DTM*472*20260118~
CAS*CO*197*12.00*1~
REF*6R*LNCLM020010000~
AMT*B6*0.00~
LQ*HE*N362~
CLP*CLM0200101*4*24.00*0.00*0.00*12*PCN440387936*11*1~
CAS*CO*197*24.00*1~
NM1*QC*1*Nelson*Lisa****MI*MEM35262123~
NM1*82*1*Garcia*Christine****XX*1000020102~
DTM*232*20251204~
DTM*233*20251204~
SVC*HC:95004:26*24.00*0.00**3~
DTM*472*20251204~
CAS*CO*197*24.00*3~
REF*6R*LNCLM020010100~
AMT*B6*0.00~
LQ*HE*MA130~
PLB*377666538*20261231*L6*-236.22~
SE*38*20103~
GE*1*20102~
IEA*1*000020101~