ISA*00*          *00*          *ZZ*87726          *ZZ*1000020902     *260218*2334*^*00501*000020901*0*P*:~
GS*HP*87726*1000020902*20260218*2334*20902*X*005010X221A1~
ST*835*20903*005010X221A1~
BPR*I*0.00*C*ACH*CCP*01*091000019*DA*5678901234*87726**01*071000013*DA*1234567890*20260218~
TRN*1*T000000020900*1295741175~
DTM*405*20260218~
N1*PR*UnitedHealthcare~
N3*497 Washington Ave~
N4*Nashville*TN*37201~
REF*2U*87726~
N1*PE*Clark David*XX*1000020902~
N3*3159 Market St~
N4*Indianapolis*IN*46201~
REF*TJ*811109857~
CLP*CLM0200900*4*768.00*0.00*0.00*12*PCN794041665*11*1~
CAS*PI*185*768.00*1~
NM1*QC*1*Perez*George****MI*INS35875600~
NM1*82*1*Clark*David****XX*1000020902~
DTM*232*20251122~
DTM*233*20251122~
SVC*HC:86003:51*18.00*0.00**1~
DTM*472*20251122~
CAS*PI*185*18.00*1~
REF*6R*LNCLM020090000~
AMT*B6*0.00~
LQ*HE*N386~
SVC*HC:95180:26*750.00*0.00**3~
DTM*472*20251122~
CAS*PI*185*750.00*3~
REF*6R*LNCLM020090001~
AMT*B6*0.00~
LQ*HE*N386~
CLP*CLM0200901*4*750.00*0.00*0.00*12*PCN861134127*11*1~
CAS*OA*109*750.00*1~
NM1*QC*1*Rivera*Charles****MI*PLN97071385~
NM1*82*1*Clark*David****XX*1000020902~
DTM*232*20260210~
DTM*233*20260211~
SVC*HC:95180:LT*750.00*0.00**3~
DTM*472*20260210~
CAS*OA*109*750.00*3~
REF*6R*LNCLM020090100~
AMT*B6*0.00~
LQ*HE*MA130~
SE*43*20903~
GE*1*20902~
IEA*1*000020901~