ISA*00*          *00*          *ZZ*91051          *ZZ*1000020302     *260116*2334*^*00501*000020301*0*P*:~
GS*HP*91051*1000020302*20260116*2334*20302*X*005010X221A1~
ST*835*20303*005010X221A1~
BPR*I*0.00*C*ACH*CCP*01*122000247*DA*6789012345*91051**01*021202337*DA*2345678901*20260116~
TRN*1*T000000020300*1881244246~
DTM*405*20260116~
N1*PR*Kaiser Permanente~
N3*723 Park Dr~
N4*Chicago*IL*60601~
REF*2U*91051~
N1*PE*Walker Michael*XX*1000020302~
N3*4817 Washington Ave~
N4*New York*NY*10001~
REF*TJ*444798939~
CLP*CLM0200300*4*200.00*0.00*0.00*13*PCN311478720*11*1~
CAS*CO*29*200.00*1~
NM1*QC*1*Flores*Kimberly****MI*MEM60695382~
NM1*82*1*Walker*Michael****XX*1000020302~
DTM*232*20251223~
DTM*233*20251224~
SVC*HC:99204:76*200.00*0.00**1~
DTM*472*20251223~
CAS*CO*29*200.00*1~
REF*6R*LNCLM020030000~
AMT*B6*0.00~
LQ*HE*M15~
CLP*CLM0200301*4*65.00*0.00*0.00*13*PCN805613240*11*1~
CAS*CO*27*65.00*1~
NM1*QC*1*Rodriguez*Melissa****MI*PLN27266440~
NM1*82*1*Walker*Michael****XX*1000020302~
DTM*232*20251002~
DTM*233*20251002~
SVC*HC:95165*45.00*0.00**3~
DTM*472*20251002~
CAS*CO*27*45.00*3~
REF*6R*LNCLM020030100~
AMT*B6*0.00~
LQ*HE*N362~
SVC*HC:95115:50*20.00*0.00**1~
DTM*472*20251002~
CAS*CO*27*20.00*1~
REF*6R*LNCLM020030101~
AMT*B6*0.00~
LQ*HE*N362~
PLB*621357597*20261231*FB*-333.86~
SE*44*20303~
GE*1*20302~
IEA*1*000020301~