ISA*00*          *00*          *ZZ*MDCD           *ZZ*1000020702     *260123*2334*^*00501*000020701*0*P*:~
GS*HP*MDCD*1000020702*20260123*2334*20702*X*005010X221A1~
ST*835*20703*005010X221A1~
BPR*I*0.00*C*ACH*CCP*01*074000078*DA*9012345678*MDCD**01*071000013*DA*1234567890*20260123~
TRN*1*T000000020700*1181003928~
DTM*405*20260123~
N1*PR*Medicaid~
N3*4153 Lake Rd~
N4*Columbus*OH*43085~
REF*2U*MDCD~
N1*PE*Martinez Karen*XX*1000020702~
N3*6795 Main St~
N4*San Diego*CA*92101~
REF*TJ*309499609~
CLP*CLM0200700*4*15.00*0.00*0.00*MC*PCN968831733*11*1~
CAS*CO*11*15.00*1~
NM1*QC*1*Clark*Ryan****MI*MEM40462364~
NM1*82*1*Martinez*Karen****XX*1000020702~
DTM*232*20251019~
DTM*233*20251020~
SVC*HC:86005:76*15.00*0.00**1~
DTM*472*20251019~
CAS*CO*11*15.00*1~
REF*6R*LNCLM020070000~
AMT*B6*0.00~
LQ*HE*M15~
CLP*CLM0200701*4*60.00*0.00*0.00*MC*PCN923003368*11*1~
CAS*CO*167*60.00*1~
NM1*QC*1*Rivera*Amanda****MI*GRP88423396~
NM1*82*1*Martinez*Karen****XX*1000020702~
DTM*232*20251214~
DTM*233*20251215~
SVC*HC:95004:77*24.00*0.00**3~
DTM*472*20251214~
CAS*CO*167*24.00*3~
REF*6R*LNCLM020070100~
AMT*B6*0.00~
LQ*HE*MA130~
SVC*HC:95024:76*36.00*0.00**3~
DTM*472*20251214~
CAS*CO*167*36.00*3~
REF*6R*LNCLM020070101~
AMT*B6*0.00~
LQ*HE*N386~
CLP*CLM0200702*4*295.00*0.00*0.00*MC*PCN510199436*11*1~
CAS*CO*4*295.00*1~
NM1*QC*1*Lee*Dorothy****MI*MEM25166123~
NM1*82*1*Martinez*Karen****XX*1000020702~
DTM*232*20251231~
DTM*233*20251231~
SVC*HC:94375:LT*70.00*0.00**2~
DTM*472*20251231~
CAS*CO*4*70.00*2~
REF*6R*LNCLM020070200~
AMT*B6*0.00~
LQ*HE*MA130~
SVC*HC:94060:LT*225.00*0.00**3~
DTM*472*20251231~
CAS*CO*4*225.00*3~
REF*6R*LNCLM020070201~
AMT*B6*0.00~
LQ*HE*MA130~
PLB*539233054*20261231*L6*-76.51~
SE*62*20703~
GE*1*20702~
IEA*1*000020701~