ISA*00*          *00*          *ZZ*ANTM1          *ZZ*1000020502     *260125*2334*^*00501*000020501*0*P*:~
GS*HP*ANTM1*1000020502*20260125*2334*20502*X*005010X221A1~
ST*835*20503*005010X221A1~
BPR*I*24.37*C*ACH*CCP*01*021000021*DA*3456789012*ANTM1**01*101000019*DA*7890123456*20260125~
TRN*1*T000000020500*1541510144~
DTM*405*20260125~
N1*PR*Anthem~
N3*5293 College Ave~
N4*Houston*TX*77001~
REF*2U*ANTM1~
N1*PE*Chen Rebecca*XX*1000020502~
N3*1385 Lake Rd~
N4*Phoenix*AZ*85001~
REF*TJ*756757257~
CLP*CLM0200500*1*36.00*16.20*6.32*12*PCN184217579*11*1~
CAS*CO*45*13.48*1~
CAS*PR*3*6.32*1~
NM1*QC*1*Rivera*Steven****MI*PLN42133810~
NM1*82*1*Chen*Rebecca****XX*1000020502~
DTM*232*20251125~
DTM*233*20251126~
SVC*HC:86003:59*36.00*16.20**2~
DTM*472*20251125~
CAS*CO*97*13.48*2~
CAS*PR*2*6.32*2~
REF*6R*LNCLM020050000~
AMT*B6*22.52~
LQ*HE*N386~
CLP*CLM0200501*1*16.00*8.17*2.26*12*PCN512339300*11*1~
CAS*CO*45*5.57*1~
CAS*PR*3*2.26*1~
NM1*QC*1*Lewis*Richard****MI*MEM43706225~
NM1*82*1*Chen*Rebecca****XX*1000020502~
DTM*232*20251114~
DTM*233*20251115~
SVC*HC:95004:25*16.00*8.17**2~
DTM*472*20251114~
CAS*CO*45*5.57*2~
CAS*PR*3*2.26*2~
REF*6R*LNCLM020050100~
AMT*B6*10.43~
LQ*HE*N95~
SE*41*20503~
GE*1*20502~
IEA*1*000020501~