ISA*00*          *00*          *ZZ*ANTM1          *ZZ*1000020602     *251213*2334*^*00501*000020601*0*P*:~
GS*HP*ANTM1*1000020602*20251213*2334*20602*X*005010X221A1~
ST*835*20603*005010X221A1~
BPR*I*63.67*C*ACH*CCP*01*021000021*DA*9012345678*ANTM1**01*091000019*DA*4567890123*20251213~
TRN*1*T000000020600*1338927650~
DTM*405*20251213~
N1*PR*Anthem~
N3*5293 College Ave~
N4*Houston*TX*77001~
REF*2U*ANTM1~
N1*PE*Robinson Robert*XX*1000020602~
N3*6680 Lake Rd~
N4*San Jose*CA*95101~
REF*TJ*924228175~
CLP*CLM0200600*1*70.00*43.85*8.16*12*PCN987021810*11*1~
CAS*CO*97*17.99*1~
CAS*PR*2*8.16*1~
NM1*QC*1*Robinson*Kevin****MI*GRP73565849~
NM1*82*1*Robinson*Robert****XX*1000020602~
DTM*232*20260131~
DTM*233*20260201~
SVC*HC:94010:76*40.00*29.13**1~
DTM*472*20260131~
CAS*CO*97*6.71*1~
CAS*PR*2*4.16*1~
REF*6R*LNCLM020060000~
AMT*B6*33.29~
LQ*HE*N479~
SVC*HC:86005:50*30.00*14.72**2~
DTM*472*20260131~
CAS*CO*97*11.28*2~
CAS*PR*1*4.00*2~
REF*6R*LNCLM020060001~
AMT*B6*18.72~
LQ*HE*M15~
CLP*CLM0200601*1*35.00*19.82*7.35*12*PCN752943637*11*1~
CAS*CO*45*7.83*1~
CAS*PR*3*7.35*1~
NM1*QC*1*Wilson*Paul****MI*MEM25438126~
NM1*82*1*Robinson*Robert****XX*1000020602~
DTM*232*20251104~
DTM*233*20251105~
SVC*HC:95117:77*35.00*19.82**1~
DTM*472*20251104~
CAS*CO*97*7.83*1~
CAS*PR*3*7.35*1~
REF*6R*LNCLM020060100~
AMT*B6*27.17~
LQ*HE*N95~
SE*48*20603~
GE*1*20602~
IEA*1*000020601~