ISA*00*          *00*          *ZZ*60054          *ZZ*1000020202     *260114*2334*^*00501*000020201*0*P*:~
GS*HP*60054*1000020202*20260114*2334*20202*X*005010X221A1~
ST*835*20203*005010X221A1~
BPR*I*0.00*C*ACH*CCP*01*091000019*DA*1234567890*60054**01*074000078*DA*7890123456*20260114~
TRN*1*T000000020200*1251506395~
DTM*405*20260114~
N1*PR*Aetna~
N3*8087 Forest Dr~
N4*Indianapolis*IN*46201~
REF*2U*60054~
N1*PE*Martinez Elizabeth*XX*1000020202~
N3*205 Washington Ave~
N4*Columbus*OH*43085~
REF*TJ*716202662~
CLP*CLM0200200*4*110.00*0.00*0.00*12*PCN324680962*11*1~
CAS*CO*50*110.00*1~
NM1*QC*1*Robinson*Lisa****MI*MEM32211252~
NM1*82*1*Martinez*Elizabeth****XX*1000020202~
DTM*232*20251109~
DTM*233*20251110~
SVC*HC:94060*75.00*0.00**1~
DTM*472*20251109~
CAS*CO*50*75.00*1~
REF*6R*LNCLM020020000~
AMT*B6*0.00~
LQ*HE*M15~
SVC*HC:95117:25*35.00*0.00**1~
DTM*472*20251109~
CAS*CO*50*35.00*1~
REF*6R*LNCLM020020001~
AMT*B6*0.00~
LQ*HE*MA130~
CLP*CLM0200201*4*235.00*0.00*0.00*12*PCN249562375*11*1~
CAS*CO*50*235.00*1~
NM1*QC*1*Moore*Robert****MI*PLN30849484~
NM1*82*1*Martinez*Elizabeth****XX*1000020202~
DTM*232*20260124~
DTM*233*20260124~
SVC*HC:95165:LT*45.00*0.00**3~
DTM*472*20260124~
CAS*CO*50*45.00*3~
REF*6R*LNCLM020020100~
AMT*B6*0.00~
LQ*HE*N362~
SVC*HC:99213:RT*190.00*0.00**2~
DTM*472*20260124~
CAS*CO*50*190.00*2~
REF*6R*LNCLM020020101~
AMT*B6*0.00~
LQ*HE*N479~
CLP*CLM0200202*4*105.00*0.00*0.00*12*PCN459966713*11*1~
CAS*CO*50*105.00*1~
NM1*QC*1*Flores*Deborah****MI*PLN40731795~
NM1*82*1*Martinez*Elizabeth****XX*1000020202~
DTM*232*20260206~
DTM*233*20260206~
SVC*HC:95117:50*105.00*0.00**3~
DTM*472*20260206~
CAS*CO*50*105.00*3~
REF*6R*LNCLM020020200~
AMT*B6*0.00~
LQ*HE*N95~
SE*61*20203~
GE*1*20202~
IEA*1*000020201~