ISA*00*          *00*          *ZZ*ANTM1          *ZZ*1000021102     *260206*2334*^*00501*000021101*0*P*:~
GS*HP*ANTM1*1000021102*20260206*2334*21102*X*005010X221A1~
ST*835*21103*005010X221A1~
BPR*I*9.94*C*ACH*CCP*01*021000021*DA*4567890123*ANTM1**01*071000013*DA*7890123456*20260206~
TRN*1*T000000021100*1853331331~
DTM*405*20260206~
N1*PR*Anthem~
N3*5293 College Ave~
N4*Houston*TX*77001~
REF*2U*ANTM1~
N1*PE*Chen William*XX*1000021102~
N3*6216 Forest Dr~
N4*New York*NY*10001~
REF*TJ*554575167~
CLP*CLM0201100*4*30.00*0.00*0.00*12*PCN474565277*11*1~
CAS*CO*16*30.00*1~
NM1*QC*1*Lewis*Ronald****MI*MEM27393150~
NM1*82*1*Chen*William****XX*1000021102~
DTM*232*20251211~
DTM*233*20251211~
SVC*HC:95165:LT*30.00*0.00**2~
DTM*472*20251211~
CAS*CO*16*30.00*2~
REF*6R*LNCLM020110000~
AMT*B6*0.00~
LQ*HE*M15~
CLP*CLM0201101*4*750.00*0.00*0.00*12*PCN123611802*11*1~
CAS*CO*29*750.00*1~
NM1*QC*1*Gonzalez*Jacob****MI*MEM80690659~
NM1*82*1*Chen*William****XX*1000021102~
DTM*232*20251230~
DTM*233*20251231~
SVC*HC:95180:LT*750.00*0.00**3~
DTM*472*20251230~
CAS*CO*29*750.00*3~
REF*6R*LNCLM020110100~
AMT*B6*0.00~
LQ*HE*N479~
CLP*CLM0201102*1*15.00*9.94*2.00*12*PCN799557586*11*1~
CAS*CO*45*3.06*1~
CAS*PR*2*2.00*1~
NM1*QC*1*Perez*Linda****MI*PLN73943844~
NM1*82*1*Chen*William****XX*1000021102~
DTM*232*20251127~
DTM*233*20251127~
SVC*HC:95165:26*15.00*9.94**1~
DTM*472*20251127~
CAS*CO*97*3.06*1~
CAS*PR*2*2.00*1~
REF*6R*LNCLM020110200~
AMT*B6*11.94~
LQ*HE*N362~
CLP*CLM0201103*4*200.00*0.00*0.00*12*PCN637573008*11*1~
CAS*CO*4*200.00*1~
NM1*QC*1*Anderson*Deborah****MI*GRP64728238~
NM1*82*1*Chen*William****XX*1000021102~
DTM*232*20260109~
DTM*233*20260110~
SVC*HC:99204:50*200.00*0.00**1~
DTM*472*20260109~
CAS*CO*4*200.00*1~
REF*6R*LNCLM020110300~
AMT*B6*0.00~
LQ*HE*N479~
PLB*225288826*20261231*L6*-242.28~
SE*64*21103~
GE*1*21102~
IEA*1*000021101~