ISA*00*          *00*          *ZZ*CMS            *ZZ*1000021002     *260201*2334*^*00501*000021001*0*P*:~
GS*HP*CMS*1000021002*20260201*2334*21002*X*005010X221A1~
ST*835*21003*005010X221A1~
BPR*I*0.00*C*ACH*CCP*01*021202337*DA*1234567890*CMS**01*091000019*DA*9012345678*20260201~
TRN*1*T000000021000*1622854048~
DTM*405*20260201~
N1*PR*Medicare Part B~
N3*7173 Hill St~
N4*Columbus*OH*43085~
REF*2U*CMS~
N1*PE*Garcia John*XX*1000021002~
N3*191 Maple Dr~
N4*Austin*TX*73301~
REF*TJ*413009737~
CLP*CLM0201000*4*27.00*0.00*0.00*MA*PCN360492995*11*1~
CAS*OA*109*27.00*1~
NM1*QC*1*Hernandez*George****MI*INS93252799~
NM1*82*1*Garcia*John****XX*1000021002~
DTM*232*20260120~
DTM*233*20260121~
SVC*HC:86005:50*15.00*0.00**1~
DTM*472*20260120~
CAS*OA*109*15.00*1~
REF*6R*LNCLM020100000~
AMT*B6*0.00~
LQ*HE*N362~
SVC*HC:95024:51*12.00*0.00**1~
DTM*472*20260120~
CAS*OA*109*12.00*1~
REF*6R*LNCLM020100001~
AMT*B6*0.00~
LQ*HE*N479~
CLP*CLM0201001*4*250.00*0.00*0.00*MA*PCN829886260*11*1~
CAS*OA*31*250.00*1~
NM1*QC*1*Wilson*James****MI*INS10364233~
NM1*82*1*Garcia*John****XX*1000021002~
DTM*232*20260111~
DTM*233*20260112~
SVC*HC:95180:RT*250.00*0.00**1~
DTM*472*20260111~
CAS*OA*31*250.00*1~
REF*6R*LNCLM020100100~
AMT*B6*0.00~
LQ*HE*M15~
CLP*CLM0201002*4*15.00*0.00*0.00*MA*PCN526179037*11*1~
CAS*PI*185*15.00*1~
NM1*QC*1*Sanchez*Sarah****MI*PLN20031723~
NM1*82*1*Garcia*John****XX*1000021002~
DTM*232*20260115~
DTM*233*20260116~
SVC*HC:95165:50*15.00*0.00**1~
DTM*472*20260115~
CAS*PI*185*15.00*1~
REF*6R*LNCLM020100200~
AMT*B6*0.00~
LQ*HE*N479~
SE*55*21003~
GE*1*21002~
IEA*1*000021001~