ISA*00*          *00*          *ZZ*MDCD           *ZZ*1000020402     *260128*2334*^*00501*000020401*0*P*:~
GS*HP*MDCD*1000020402*20260128*2334*20402*X*005010X221A1~
ST*835*20403*005010X221A1~
BPR*I*0.00*C*ACH*CCP*01*091000019*DA*6789012345*MDCD**01*021000021*DA*8901234567*20260128~
TRN*1*T000000020400*1527547503~
DTM*405*20260128~
N1*PR*Medicaid~
N3*4153 Lake Rd~
N4*Columbus*OH*43085~
REF*2U*MDCD~
N1*PE*Anderson Thomas*XX*1000020402~
N3*7197 Pine St~
N4*Chicago*IL*60601~
REF*TJ*394731996~
CLP*CLM0200400*4*225.00*0.00*0.00*MC*PCN998338167*11*1~
CAS*CO*27*225.00*1~
NM1*QC*1*Baker*Jason****MI*PLN87288073~
NM1*82*1*Anderson*Thomas****XX*1000020402~
DTM*232*20251212~
DTM*233*20251213~
SVC*HC:94060:LT*225.00*0.00**3~
DTM*472*20251212~
CAS*CO*27*225.00*3~
REF*6R*LNCLM020040000~
AMT*B6*0.00~
LQ*HE*N95~
CLP*CLM0200401*4*95.00*0.00*0.00*MC*PCN471187990*11*1~
CAS*CO*96*95.00*1~
NM1*QC*1*Johnson*Matthew****MI*PLN32537784~
NM1*82*1*Anderson*Thomas****XX*1000020402~
DTM*232*20251212~
DTM*233*20251213~
SVC*HC:94060*75.00*0.00**1~
DTM*472*20251212~
CAS*CO*96*75.00*1~
REF*6R*LNCLM020040100~
AMT*B6*0.00~
LQ*HE*N479~
SVC*HC:95044:25*20.00*0.00**2~
DTM*472*20251212~
CAS*CO*96*20.00*2~
REF*6R*LNCLM020040101~
AMT*B6*0.00~
LQ*HE*N362~
SE*43*20403~
GE*1*20402~
IEA*1*000020401~