ISA*00*          *00*          *ZZ*62308          *ZZ*1000020802     *260126*2334*^*00501*000020801*0*P*:~
GS*HP*62308*1000020802*20260126*2334*20802*X*005010X221A1~
ST*835*20803*005010X221A1~
BPR*I*0.00*C*ACH*CCP*01*026009593*DA*4567890123*62308**01*091000019*DA*9012345678*20260126~
TRN*1*T000000020800*1455420712~
DTM*405*20260126~
N1*PR*Cigna~
N3*8304 Park Dr~
N4*Jacksonville*FL*32099~
REF*2U*62308~
N1*PE*Thompson John*XX*1000020802~
N3*684 Market St~
N4*Dallas*TX*75201~
REF*TJ*742540232~
CLP*CLM0200800*4*94.00*0.00*0.00*12*PCN246879520*11*1~
CAS*CO*167*94.00*1~
NM1*QC*1*Ramirez*Timothy****MI*PLN71318638~
NM1*82*1*Thompson*John****XX*1000020802~
DTM*232*20251110~
DTM*233*20251110~
SVC*HC:86003:26*54.00*0.00**3~
DTM*472*20251110~
CAS*CO*167*54.00*3~
REF*6R*LNCLM020080000~
AMT*B6*0.00~
LQ*HE*N386~
SVC*HC:94010:LT*40.00*0.00**1~
DTM*472*20251110~
CAS*CO*167*40.00*1~
REF*6R*LNCLM020080001~
AMT*B6*0.00~
LQ*HE*N95~
CLP*CLM0200801*4*30.00*0.00*0.00*12*PCN602130796*11*1~
CAS*CO*4*30.00*1~
NM1*QC*1*Anderson*Thomas****MI*GRP65843028~
NM1*82*1*Thompson*John****XX*1000020802~
DTM*232*20251211~
DTM*233*20251211~
SVC*HC:95165:50*30.00*0.00**2~
DTM*472*20251211~
CAS*CO*4*30.00*2~
REF*6R*LNCLM020080100~
AMT*B6*0.00~
LQ*HE*N362~
CLP*CLM0200802*4*40.00*0.00*0.00*12*PCN362804858*11*1~
CAS*CO*11*40.00*1~
NM1*QC*1*Moore*Mark****MI*PLN16411190~
NM1*82*1*Thompson*John****XX*1000020802~
DTM*232*20251024~
DTM*233*20251024~
SVC*HC:94010:LT*40.00*0.00**1~
DTM*472*20251024~
CAS*CO*11*40.00*1~
REF*6R*LNCLM020080200~
AMT*B6*0.00~
LQ*HE*M15~
SE*55*20803~
GE*1*20802~
IEA*1*000020801~