ISA*00*          *00*          *ZZ*91051          *ZZ*1000030202     *20260201*2335*^*00501*013000002*0*P*:~
GS*HP*91051*1000030202*20260201*2335*130002*X*005010X221A1~
ST*835*00130002~
BPR*H*0.00*C*NON************20260201~
TRN*1*TRC130022521*191051~
DTM*405*20260201~
N1*PR*Kaiser Permanente*XV*91051~
N3*PO Box 71035~
N4*San Jose*CA*95101~
N1*PE*Jennifer Lewis, DO FACP*XX*1000030202~
N3*7333 Maple Dr~
N4*Nashville*TN*37201~
REF*TJ*771745170~
CLP*CLM1300200*4*165.00*0.00*0.00*HMO*PYR1300200949~
CAS*OA*22*165.00~
NM1*QC*1*Hall*Barbara****MI*INS60966648~
NM1*82*1*Lewis*Jennifer****XX*1000030202~
DTM*232*20251019~
DTM*233*20251020~
SVC*HC:99393*165.00*0.00**1~
CAS*OA*22*165.00~
DTM*472*20251019~
REF*6R*LNCLM13002003621~
AMT*B6*0.00~
LQ*HE*N362~
CLP*CLM1300201*4*30.00*0.00*0.00*HMO*PYR1300201476~
CAS*CO*22*30.00~
NM1*QC*1*Wilson*Emily****MI*PLN41284760~
NM1*82*1*Lewis*Jennifer****XX*1000030202~
DTM*232*20251127~
DTM*233*20251127~
SVC*HC:90460*30.00*0.00**1~
CAS*CO*22*30.00~
DTM*472*20251127~
REF*6R*LNCLM13002012654~
AMT*B6*0.00~
LQ*HE*N362~
SE*36*00130002~
GE*1*130002~
IEA*1*013000002~