ISA*00*          *00*          *ZZ*ANTM1          *ZZ*1000039002     *20251222*2335*^*00501*013000010*0*P*:~
GS*HP*ANTM1*1000039002*20251222*2335*130010*X*005010X221A1~
ST*835*00130010~
BPR*H*0.00*C*NON************20251222~
TRN*1*TRC130102209*1ANTM1~
DTM*405*20251222~
N1*PR*Anthem*XV*ANTM1~
N3*PO Box 40360~
N4*Dallas*TX*75201~
N1*PE*Karen Clark, DO*XX*1000039002~
N3*3052 Meadow Ln~
N4*Phoenix*AZ*85001~
REF*TJ*194014927~
CLP*CLM1301000*4*20.00*0.00*0.00*PPO*PYR1301000235~
CAS*PI*222*20.00~
NM1*QC*1*Davis*Jessica****MI*PLN44424882~
NM1*82*1*Clark*Karen****XX*1000039002~
DTM*232*20251002~
DTM*233*20251002~
SVC*HC:92551*20.00*0.00**2~
CAS*PI*222*20.00~
DTM*472*20251002~
REF*6R*LNCLM13010002811~
AMT*B6*0.00~
LQ*HE*N381~
CLP*CLM1301001*4*20.00*0.00*0.00*PPO*PYR1301001411~
CAS*OA*96*20.00~
NM1*QC*1*Thomas*Elizabeth****MI*GRP67278946~
NM1*82*1*Clark*Karen****XX*1000039002~
DTM*232*20251117~
DTM*233*20251118~
SVC*HC:92551*20.00*0.00**3~
CAS*OA*96*20.00~
DTM*472*20251117~
REF*6R*LNCLM13010017259~
AMT*B6*0.00~
LQ*HE*N381~
SE*36*00130010~
GE*1*130010~
IEA*1*013000010~