ISA*00*          *00*          *ZZ*ANTM1          *ZZ*1000033502     *20251122*2335*^*00501*013000005*0*P*:~
GS*HP*ANTM1*1000033502*20251122*2335*130005*X*005010X221A1~
ST*835*00130005~
BPR*H*0.00*C*NON************20251122~
TRN*1*TRC130051058*1ANTM1~
DTM*405*20251122~
N1*PR*Anthem*XV*ANTM1~
N3*PO Box 44905~
N4*Charlotte*NC*28201~
N1*PE*Robert Wright, DO*XX*1000033502~
N3*9055 Pine St~
N4*Columbus*OH*43085~
REF*TJ*948547031~
CLP*CLM1300500*4*95.00*0.00*0.00*PPO*PYR1300500983~
CAS*CO*4*95.00~
NM1*QC*1*Garcia*Melissa****MI*MEM47684838~
NM1*82*1*Wright*Robert****XX*1000033502~
DTM*232*20251122~
DTM*233*20251122~
SVC*HC:99213*95.00*0.00**1~
CAS*CO*4*95.00~
DTM*472*20251122~
REF*6R*LNCLM13005009118~
AMT*B6*0.00~
LQ*HE*N386~
CLP*CLM1300501*4*18.00*0.00*0.00*PPO*PYR1300501504~
CAS*CO*11*18.00~
NM1*QC*1*Miller*William****MI*PLN13042208~
NM1*82*1*Wright*Robert****XX*1000033502~
DTM*232*20251021~
DTM*233*20251021~
SVC*HC:87880*18.00*0.00**1~
CAS*CO*11*18.00~
DTM*472*20251021~
REF*6R*LNCLM13005017910~
AMT*B6*0.00~
LQ*HE*N386~
CLP*CLM1300502*4*130.00*0.00*0.00*PPO*PYR1300502612~
CAS*CO*11*130.00~
NM1*QC*1*Anderson*Susan****MI*MEM91261659~
NM1*82*1*Wright*Robert****XX*1000033502~
DTM*232*20251223~
DTM*233*20251223~
SVC*HC:99203*130.00*0.00**1~
CAS*CO*11*130.00~
DTM*472*20251223~
REF*6R*LNCLM13005025028~
AMT*B6*0.00~
LQ*HE*N386~
SE*48*00130005~
GE*1*130005~
IEA*1*013000005~