ISA*00*          *00*          *ZZ*BCBS1          *ZZ*1000036802     *20251125*2335*^*00501*013000008*0*P*:~
GS*HP*BCBS1*1000036802*20251125*2335*130008*X*005010X221A1~
ST*835*00130008~
BPR*H*0.00*C*NON************20251125~
TRN*1*TRC130089357*1BCBS1~
DTM*405*20251125~
N1*PR*Blue Cross Blue Shield*XV*BCBS1~
N3*PO Box 75653~
N4*Portland*OR*97201~
N1*PE*John Anderson, DO*XX*1000036802~
N3*114 River Rd~
N4*New York*NY*10001~
REF*TJ*685537397~
CLP*CLM1300800*4*15.00*0.00*0.00*HMO*PYR1300800272~
CAS*PI*197*15.00~
NM1*QC*1*Harris*Susan****MI*PLN21852829~
NM1*82*1*Anderson*John****XX*1000036802~
DTM*232*20250909~
DTM*233*20250909~
SVC*HC:90461*15.00*0.00**3~
CAS*PI*197*15.00~
DTM*472*20250909~
REF*6R*LNCLM13008006779~
AMT*B6*0.00~
LQ*HE*MA130~
CLP*CLM1300801*4*30.00*0.00*0.00*HMO*PYR1300801330~
CAS*CO*197*30.00~
NM1*QC*1*Brown*Cynthia****MI*GRP20881196~
NM1*82*1*Anderson*John****XX*1000036802~
DTM*232*20251210~
DTM*233*20251210~
SVC*HC:90460*30.00*0.00**1~
CAS*CO*197*30.00~
DTM*472*20251210~
REF*6R*LNCLM13008012306~
AMT*B6*0.00~
LQ*HE*MA130~
SE*36*00130008~
GE*1*130008~
IEA*1*013000008~