ISA*00*          *00*          *ZZ*87726          *ZZ*1000042202     *20260121*2335*^*00501*013000012*0*P*:~
GS*HP*87726*1000042202*20260121*2335*130012*X*005010X221A1~
ST*835*00130012~
BPR*H*16.44*C*NON************20260121~
TRN*1*TRC130123196*187726~
DTM*405*20260121~
N1*PR*UnitedHealthcare*XV*87726~
N3*PO Box 80451~
N4*Phoenix*AZ*85001~
N1*PE*Rebecca Johnson, DO FACP*XX*1000042202~
N3*7336 Oak Ave~
N4*Portland*OR*97201~
REF*TJ*496460830~
CLP*CLM1301200*2*15.00*3.95*2.10*PPO*PYR1301200978~
CAS*OA*222*8.95~
CAS*PR*3*2.10~
NM1*QC*1*White*Donald****MI*MEM99636502~
NM1*82*1*Johnson*Rebecca****XX*1000042202~
DTM*232*20251009~
DTM*233*20251009~
SVC*HC:96110*15.00*3.95**2~
CAS*OA*222*8.95~
CAS*PR*3*2.10~
DTM*472*20251009~
REF*6R*LNCLM13012003532~
AMT*B6*6.05~
LQ*HE*N95~
CLP*CLM1301201*4*95.00*0.00*0.00*PPO*PYR1301201834~
CAS*OA*11*95.00~
NM1*QC*1*Miller*Cynthia****MI*INS20224469~
NM1*82*1*Johnson*Rebecca****XX*1000042202~
DTM*232*20260114~
DTM*233*20260114~
SVC*HC:99213*95.00*0.00**1~
CAS*OA*11*95.00~
DTM*472*20260114~
REF*6R*LNCLM13012018086~
AMT*B6*0.00~
LQ*HE*N479~
CLP*CLM1301202*2*65.00*12.49*4.52*PPO*PYR1301202721~
CAS*OA*109*47.99~
CAS*PR*2*4.52~
NM1*QC*1*Green*Ronald****MI*MEM37661876~
NM1*82*1*Johnson*Rebecca****XX*1000042202~
DTM*232*20250915~
DTM*233*20250915~
SVC*HC:90707*65.00*12.49**2~
CAS*OA*109*47.99~
CAS*PR*2*4.52~
DTM*472*20250915~
REF*6R*LNCLM13012028765~
AMT*B6*17.01~
LQ*HE*N386~
CLP*CLM1301203*4*20.00*0.00*2.44*PPO*PYR1301203854~
CAS*CO*96*17.56~
CAS*PR*1*2.44~
NM1*QC*1*Brown*Patricia****MI*PLN79177023~
NM1*82*1*Johnson*Rebecca****XX*1000042202~
DTM*232*20251109~
DTM*233*20251110~
SVC*HC:92551*20.00*0.00**2~
CAS*CO*96*17.56~
CAS*PR*1*2.44~
DTM*472*20251109~
REF*6R*LNCLM13012035549~
AMT*B6*0.00~
LQ*HE*N362~
CLP*CLM1301204*4*10.00*0.00*1.47*PPO*PYR1301204331~
CAS*OA*197*8.53~
CAS*PR*2*1.47~
NM1*QC*1*Harris*Karen****MI*PLN35552596~
NM1*82*1*Johnson*Rebecca****XX*1000042202~
DTM*232*20250914~
DTM*233*20250915~
SVC*HC:99173*10.00*0.00**2~
CAS*OA*197*8.53~
CAS*PR*2*1.47~
DTM*472*20250914~
REF*6R*LNCLM13012044819~
AMT*B6*0.00~
LQ*HE*MA04~
SE*80*00130012~
GE*1*130012~
IEA*1*013000012~