ISA*00*          *00*          *ZZ*CMS            *ZZ*1000042102     *20260118*2335*^*00501*013000011*0*P*:~
GS*HP*CMS*1000042102*20260118*2335*130011*X*005010X221A1~
ST*835*00130011~
BPR*H*32.84*C*NON************20260118~
TRN*1*TRC130116320*1CMS~
DTM*405*20260118~
N1*PR*Medicare Part B*XV*CMS~
N3*PO Box 13886~
N4*Nashville*TN*37201~
N1*PE*William Young, MD FACS*XX*1000042102~
N3*541 Elm Blvd~
N4*Austin*TX*73301~
REF*TJ*588863486~
CLP*CLM1301100*4*20.00*0.00*1.47*Medicare*PYR1301100896~
CAS*PI*50*18.53~
CAS*PR*1*1.47~
NM1*QC*1*Hernandez*Emily****MI*INS85141805~
NM1*82*1*Young*William****XX*1000042102~
DTM*232*20251206~
DTM*233*20251206~
SVC*HC:92551*20.00*0.00**1~
CAS*PI*50*18.53~
CAS*PR*1*1.47~
DTM*472*20251206~
REF*6R*LNCLM13011009542~
AMT*B6*0.00~
LQ*HE*MA04~
CLP*CLM1301101*4*160.00*0.00*0.00*Medicare*PYR1301101788~
CAS*PI*222*160.00~
NM1*QC*1*King*Ashley****MI*INS62880958~
NM1*82*1*Young*William****XX*1000042102~
DTM*232*20251109~
DTM*233*20251109~
SVC*HC:99392*160.00*0.00**1~
CAS*PI*222*160.00~
DTM*472*20251109~
REF*6R*LNCLM13011017085~
AMT*B6*0.00~
LQ*HE*N479~
CLP*CLM1301102*2*65.00*25.99*9.42*Medicare*PYR1301102317~
CAS*CO*4*29.59~
CAS*PR*1*9.42~
NM1*QC*1*Williams*Ryan****MI*PLN13612115~
NM1*82*1*Young*William****XX*1000042102~
DTM*232*20250909~
DTM*233*20250909~
SVC*HC:90707*65.00*25.99**2~
CAS*CO*4*29.59~
CAS*PR*1*9.42~
DTM*472*20250909~
REF*6R*LNCLM13011023207~
AMT*B6*35.41~
LQ*HE*N95~
CLP*CLM1301103*4*20.00*0.00*0.00*Medicare*PYR1301103167~
CAS*PI*27*20.00~
NM1*QC*1*Hill*Jeffrey****MI*PLN95586433~
NM1*82*1*Young*William****XX*1000042102~
DTM*232*20251002~
DTM*233*20251002~
SVC*HC:92551*20.00*0.00**2~
CAS*PI*27*20.00~
DTM*472*20251002~
REF*6R*LNCLM13011038259~
AMT*B6*0.00~
LQ*HE*N386~
CLP*CLM1301104*2*20.00*6.85*1.05*Medicare*PYR1301104484~
CAS*PI*96*12.10~
CAS*PR*2*1.05~
NM1*QC*1*Sanchez*Michelle****MI*INS25098541~
NM1*82*1*Young*William****XX*1000042102~
DTM*232*20251104~
DTM*233*20251104~
SVC*HC:92551*20.00*6.85**1~
CAS*PI*96*12.10~
CAS*PR*2*1.05~
DTM*472*20251104~
REF*6R*LNCLM13011047596~
AMT*B6*7.90~
LQ*HE*N386~
SE*78*00130011~
GE*1*130011~
IEA*1*013000011~