ISA*00*          *00*          *ZZ*62308          *ZZ*1000030102     *20251227*2335*^*00501*013000001*0*P*:~
GS*HP*62308*1000030102*20251227*2335*130001*X*005010X221A1~
ST*835*00130001~
BPR*H*0.00*C*NON************20251227~
TRN*1*TRC130012861*162308~
DTM*405*20251227~
N1*PR*Cigna*XV*62308~
N3*PO Box 29875~
N4*Charlotte*NC*28201~
N1*PE*Sarah Scott, DO FACP*XX*1000030102~
N3*2649 Church St~
N4*San Diego*CA*92101~
REF*TJ*456273550~
CLP*CLM1300100*4*165.00*0.00*0.00*PPO*PYR1300100901~
CAS*CO*31*165.00~
NM1*QC*1*Thompson*Michael****MI*PLN59779826~
NM1*82*1*Scott*Sarah****XX*1000030102~
DTM*232*20251212~
DTM*233*20251212~
SVC*HC:99393*165.00*0.00**1~
CAS*CO*31*165.00~
DTM*472*20251212~
REF*6R*LNCLM13001005883~
AMT*B6*0.00~
LQ*HE*N362~
CLP*CLM1300101*4*175.00*0.00*0.00*PPO*PYR1300101645~
CAS*OA*31*175.00~
NM1*QC*1*Garcia*Richard****MI*MEM74739011~
NM1*82*1*Scott*Sarah****XX*1000030102~
DTM*232*20251211~
DTM*233*20251211~
SVC*HC:99394*175.00*0.00**1~
CAS*OA*31*175.00~
DTM*472*20251211~
REF*6R*LNCLM13001012656~
AMT*B6*0.00~
LQ*HE*N362~
CLP*CLM1300102*4*145.00*0.00*0.00*PPO*PYR1300102355~
CAS*OA*31*145.00~
NM1*QC*1*Sanchez*Steven****MI*INS33384269~
NM1*82*1*Scott*Sarah****XX*1000030102~
DTM*232*20251222~
DTM*233*20251222~
SVC*HC:99214*145.00*0.00**1~
CAS*OA*31*145.00~
DTM*472*20251222~
REF*6R*LNCLM13001025484~
AMT*B6*0.00~
LQ*HE*N362~
SE*48*00130001~
GE*1*130001~
IEA*1*013000001~