ISA*00*          *00*          *ZZ*ANTM1          *ZZ*1000036702     *20251218*2335*^*00501*013000007*0*P*:~
GS*HP*ANTM1*1000036702*20251218*2335*130007*X*005010X221A1~
ST*835*00130007~
BPR*H*0.00*C*NON************20251218~
TRN*1*TRC130079804*1ANTM1~
DTM*405*20251218~
N1*PR*Anthem*XV*ANTM1~
N3*PO Box 47171~
N4*Dallas*TX*75201~
N1*PE*David Brown, DO*XX*1000036702~
N3*2258 Lake Rd~
N4*New York*NY*10001~
REF*TJ*140816553~
CLP*CLM1300700*4*50.00*0.00*0.00*PPO*PYR1300700529~
CAS*CO*197*50.00~
NM1*QC*1*Allen*William****MI*PLN89477223~
NM1*82*1*Brown*David****XX*1000036702~
DTM*232*20251224~
DTM*233*20251224~
SVC*HC:90715*50.00*0.00**2~
CAS*CO*197*50.00~
DTM*472*20251224~
REF*6R*LNCLM13007007966~
AMT*B6*0.00~
LQ*HE*MA130~
CLP*CLM1300701*4*130.00*0.00*0.00*PPO*PYR1300701669~
CAS*PI*197*130.00~
NM1*QC*1*Robinson*Robert****MI*GRP88058226~
NM1*82*1*Brown*David****XX*1000036702~
DTM*232*20250930~
DTM*233*20250930~
SVC*HC:99203*130.00*0.00**2~
CAS*PI*197*130.00~
DTM*472*20250930~
REF*6R*LNCLM13007013195~
AMT*B6*0.00~
LQ*HE*MA130~
CLP*CLM1300702*4*10.00*0.00*0.00*PPO*PYR1300702592~
CAS*PI*197*10.00~
NM1*QC*1*White*Joseph****MI*PLN98748417~
NM1*82*1*Brown*David****XX*1000036702~
DTM*232*20251031~
DTM*233*20251031~
SVC*HC:99173*10.00*0.00**2~
CAS*PI*197*10.00~
DTM*472*20251031~
REF*6R*LNCLM13007026420~
AMT*B6*0.00~
LQ*HE*MA130~
SE*48*00130007~
GE*1*130007~
IEA*1*013000007~