ISA*00*          *00*          *ZZ*99726          *ZZ*1000038902     *20251122*2335*^*00501*013000009*0*P*:~
GS*HP*99726*1000038902*20251122*2335*130009*X*005010X221A1~
ST*835*00130009~
BPR*H*0.00*C*NON************20251122~
TRN*1*TRC130096517*199726~
DTM*405*20251122~
N1*PR*Tricare*XV*99726~
N3*PO Box 20358~
N4*Charlotte*NC*28201~
N1*PE*William Patel, DO*XX*1000038902~
N3*3264 Washington Ave~
N4*Houston*TX*77001~
REF*TJ*343053123~
CLP*CLM1300900*4*15.00*0.00*0.00*Government*PYR1300900609~
CAS*OA*109*15.00~
NM1*QC*1*Lewis*Richard****MI*GRP21162220~
NM1*82*1*Patel*William****XX*1000038902~
DTM*232*20251105~
DTM*233*20251105~
SVC*HC:90461*15.00*0.00**1~
CAS*OA*109*15.00~
DTM*472*20251105~
REF*6R*LNCLM13009004441~
AMT*B6*0.00~
LQ*HE*N381~
CLP*CLM1300901*4*15.00*0.00*0.00*Government*PYR1300901731~
CAS*OA*109*15.00~
NM1*QC*1*Smith*Steven****MI*MEM90310003~
NM1*82*1*Patel*William****XX*1000038902~
DTM*232*20251129~
DTM*233*20251129~
SVC*HC:90461*15.00*0.00**3~
CAS*OA*109*15.00~
DTM*472*20251129~
REF*6R*LNCLM13009019255~
AMT*B6*0.00~
LQ*HE*N381~
CLP*CLM1300902*4*18.00*0.00*0.00*Government*PYR1300902483~
CAS*OA*222*18.00~
NM1*QC*1*Green*Ashley****MI*MEM78595702~
NM1*82*1*Patel*William****XX*1000038902~
DTM*232*20251220~
DTM*233*20251220~
SVC*HC:87880*18.00*0.00**1~
CAS*OA*222*18.00~
DTM*472*20251220~
REF*6R*LNCLM13009029985~
AMT*B6*0.00~
LQ*HE*N381~
SE*48*00130009~
GE*1*130009~
IEA*1*013000009~