ISA*00*          *00*          *ZZ*60054          *ZZ*1000033402     *20260112*2335*^*00501*013000004*0*P*:~
GS*HP*60054*1000033402*20260112*2335*130004*X*005010X221A1~
ST*835*00130004~
BPR*H*0.00*C*NON************20260112~
TRN*1*TRC130041073*160054~
DTM*405*20260112~
N1*PR*Aetna*XV*60054~
N3*PO Box 56711~
N4*New York*NY*10001~
N1*PE*Rebecca Clark, DO FACP*XX*1000033402~
N3*704 Oak Ave~
N4*Portland*OR*97201~
REF*TJ*595962625~
CLP*CLM1300400*4*15.00*0.00*0.00*PPO*PYR1300400515~
CAS*CO*97*15.00~
NM1*QC*1*Taylor*Laura****MI*INS25419145~
NM1*82*1*Clark*Rebecca****XX*1000033402~
DTM*232*20250830~
DTM*233*20250830~
SVC*HC:96110*15.00*0.00**1~
CAS*CO*97*15.00~
DTM*472*20250830~
REF*6R*LNCLM13004004939~
AMT*B6*0.00~
LQ*HE*N386~
CLP*CLM1300401*4*15.00*0.00*0.00*PPO*PYR1300401517~
CAS*CO*97*15.00~
NM1*QC*1*Martin*Lisa****MI*PLN97918316~
NM1*82*1*Clark*Rebecca****XX*1000033402~
DTM*232*20251208~
DTM*233*20251208~
SVC*HC:96110*15.00*0.00**1~
CAS*CO*97*15.00~
DTM*472*20251208~
REF*6R*LNCLM13004016622~
AMT*B6*0.00~
LQ*HE*N386~
CLP*CLM1300402*4*30.00*0.00*0.00*PPO*PYR1300402639~
CAS*CO*167*30.00~
NM1*QC*1*Ramirez*Brian****MI*PLN96016508~
NM1*82*1*Clark*Rebecca****XX*1000033402~
DTM*232*20251019~
DTM*233*20251019~
SVC*HC:90460*30.00*0.00**1~
CAS*CO*167*30.00~
DTM*472*20251019~
REF*6R*LNCLM13004021818~
AMT*B6*0.00~
LQ*HE*N386~
SE*48*00130004~
GE*1*130004~
IEA*1*013000004~