ISA*00*          *00*          *ZZ*MDCD           *ZZ*1000033602     *20260123*2335*^*00501*013000006*0*P*:~
GS*HP*MDCD*1000033602*20260123*2335*130006*X*005010X221A1~
ST*835*00130006~
BPR*H*0.00*C*NON************20260123~
TRN*1*TRC130062167*1MDCD~
DTM*405*20260123~
N1*PR*Medicaid*XV*MDCD~
N3*PO Box 58309~
N4*Chicago*IL*60601~
N1*PE*Thomas Chen, MD*XX*1000033602~
N3*7861 Park Dr~
N4*Jacksonville*FL*32099~
REF*TJ*837040084~
CLP*CLM1300600*4*175.00*0.00*0.00*Medicaid*PYR1300600293~
CAS*CO*4*175.00~
NM1*QC*1*Smith*Deborah****MI*INS46712892~
NM1*82*1*Chen*Thomas****XX*1000033602~
DTM*232*20250826~
DTM*233*20250826~
SVC*HC:99394*175.00*0.00**3~
CAS*CO*4*175.00~
DTM*472*20250826~
REF*6R*LNCLM13006003311~
AMT*B6*0.00~
LQ*HE*N386~
CLP*CLM1300601*4*30.00*0.00*0.00*Medicaid*PYR1300601498~
CAS*CO*167*30.00~
NM1*QC*1*Young*Sandra****MI*MEM80020298~
NM1*82*1*Chen*Thomas****XX*1000033602~
DTM*232*20251025~
DTM*233*20251025~
SVC*HC:90460*30.00*0.00**1~
CAS*CO*167*30.00~
DTM*472*20251025~
REF*6R*LNCLM13006014650~
AMT*B6*0.00~
LQ*HE*N386~
SE*36*00130006~
GE*1*130006~
IEA*1*013000006~