ISA*00*          *00*          *ZZ*BCBS1          *ZZ*1000030302     *20251223*2335*^*00501*013000003*0*P*:~
GS*HP*BCBS1*1000030302*20251223*2335*130003*X*005010X221A1~
ST*835*00130003~
BPR*H*0.00*C*NON************20251223~
TRN*1*TRC130032228*1BCBS1~
DTM*405*20251223~
N1*PR*Blue Cross Blue Shield*XV*BCBS1~
N3*PO Box 70384~
N4*Philadelphia*PA*19101~
N1*PE*William Anderson, MD*XX*1000030302~
N3*1787 Market St~
N4*Portland*OR*97201~
REF*TJ*639055991~
CLP*CLM1300300*4*18.00*0.00*0.00*HMO*PYR1300300933~
CAS*OA*31*18.00~
NM1*QC*1*Smith*Anthony****MI*PLN13865339~
NM1*82*1*Anderson*William****XX*1000030302~
DTM*232*20251102~
DTM*233*20251102~
SVC*HC:87880*18.00*0.00**3~
CAS*OA*31*18.00~
DTM*472*20251102~
REF*6R*LNCLM13003007798~
AMT*B6*0.00~
LQ*HE*N362~
CLP*CLM1300301*4*30.00*0.00*0.00*HMO*PYR1300301889~
CAS*CO*27*30.00~
NM1*QC*1*Scott*Sarah****MI*INS77315427~
NM1*82*1*Anderson*William****XX*1000030302~
DTM*232*20251008~
DTM*233*20251008~
SVC*HC:90460*30.00*0.00**1~
CAS*CO*27*30.00~
DTM*472*20251008~
REF*6R*LNCLM13003019564~
AMT*B6*0.00~
LQ*HE*N362~
CLP*CLM1300302*4*15.00*0.00*0.00*HMO*PYR1300302299~
CAS*OA*27*15.00~
NM1*QC*1*Baker*Melissa****MI*INS67143969~
NM1*82*1*Anderson*William****XX*1000030302~
DTM*232*20251006~
DTM*233*20251006~
SVC*HC:96110*15.00*0.00**1~
CAS*OA*27*15.00~
DTM*472*20251006~
REF*6R*LNCLM13003027281~
AMT*B6*0.00~
LQ*HE*N362~
SE*48*00130003~
GE*1*130003~
IEA*1*013000003~