ISA*00*          *00*          *ZZ*CMS            *ZZ*1000000402     *260112*2334*^*00501*000050401*0*P*:~
GS*HP*CMS*1000000402*20260112*2334*50402*X*005010X221A1~
ST*835*50403*005010X221A1~
BPR*I*0.00*C*ACH*CCP*01*122000247*DA*2345678901*CMS**01*091000019*DA*9012345678*20260112~
TRN*1*T000000050400*1247821757~
DTM*405*20260112~
N1*PR*Medicare Part B~
N3*7173 Hill St~
N4*Columbus*OH*43085~
REF*2U*CMS~
N1*PE*Young Christine*XX*1000000402~
N3*1168 Lake Rd~
N4*Houston*TX*77001~
REF*TJ*993470445~
CLP*CLM0500400*4*275.00*0.00*0.00*MA*PCN944275817*11*1~
CAS*CO*27*275.00*1~
NM1*QC*1*Smith*Margaret****MI*MEM85939927~
NM1*82*1*Young*Christine****XX*1000000402~
DTM*232*20251019~
DTM*233*20251019~
SVC*HC:90792*275.00*0.00**1~
DTM*472*20251019~
CAS*CO*27*275.00*1~
REF*6R*LNCLM050040000~
AMT*B6*0.00~
LQ*HE*MA130~
CLP*CLM0500401*4*100.00*0.00*0.00*MA*PCN490472930*11*1~
CAS*CO*96*100.00*1~
NM1*QC*1*Allen*Thomas****MI*INS38193739~
NM1*82*1*Young*Christine****XX*1000000402~
DTM*232*20251116~
DTM*233*20251116~
SVC*HC:90836:RT*100.00*0.00**1~
DTM*472*20251116~
CAS*CO*96*100.00*1~
REF*6R*LNCLM050040100~
AMT*B6*0.00~
LQ*HE*N386~
PLB*217407865*20261231*WO*-461.83~
SE*38*50403~
GE*1*50402~
IEA*1*000050401~