ISA*00*          *00*          *ZZ*61101          *ZZ*1000000602     *260216*2334*^*00501*000050601*0*P*:~
GS*HP*61101*1000000602*20260216*2334*50602*X*005010X221A1~
ST*835*50603*005010X221A1~
BPR*I*574.68*C*ACH*CCP*01*026009593*DA*4567890123*61101**01*071000013*DA*1234567890*20260216~
TRN*1*T000000050600*1730605821~
DTM*405*20260216~
N1*PR*Humana~
N3*7536 Washington Ave~
N4*Seattle*WA*98101~
REF*2U*61101~
N1*PE*Scott Thomas*XX*1000000602~
N3*6094 Maple Dr~
N4*Fort Worth*TX*76101~
REF*TJ*567455777~
CLP*CLM0500600*1*525.00*268.14*98.66*13*PCN487475034*11*1~
CAS*CO*97*158.20*1~
CAS*PR*1*98.66*1~
NM1*QC*1*Jackson*Edward****MI*GRP22879017~
NM1*82*1*Scott*Thomas****XX*1000000602~
DTM*232*20251112~
DTM*233*20251112~
SVC*HC:90792:77*275.00*152.20**1~
DTM*472*20251112~
CAS*CO*45*72.41*1~
CAS*PR*2*50.39*1~
REF*6R*LNCLM050060000~
AMT*B6*202.59~
LQ*HE*N95~
SVC*HC:90791:76*250.00*115.94**1~
DTM*472*20251112~
CAS*CO*45*85.79*1~
CAS*PR*3*48.27*1~
REF*6R*LNCLM050060001~
AMT*B6*164.21~
LQ*HE*M15~
CLP*CLM0500601*1*495.00*306.54*56.91*13*PCN975060573*11*1~
CAS*CO*97*131.55*1~
CAS*PR*2*56.91*1~
NM1*QC*1*White*Joseph****MI*GRP44654843~
NM1*82*1*Scott*Thomas****XX*1000000602~
DTM*232*20251019~
DTM*233*20251019~
SVC*HC:99214:76*145.00*73.17**1~
DTM*472*20251019~
CAS*CO*97*56.53*1~
CAS*PR*3*15.30*1~
REF*6R*LNCLM050060100~
AMT*B6*88.47~
LQ*HE*N479~
SVC*HC:96130:26*350.00*233.37**2~
DTM*472*20251019~
CAS*CO*45*75.02*2~
CAS*PR*2*41.61*2~
REF*6R*LNCLM050060101~
AMT*B6*274.98~
LQ*HE*N479~
PLB*748511792*20261231*CS*-167.61~
SE*56*50603~
GE*1*50602~
IEA*1*000050601~