ISA*00*          *00*          *ZZ*61101          *ZZ*1000000902     *260113*2334*^*00501*000050901*0*P*:~
GS*HP*61101*1000000902*20260113*2334*50902*X*005010X221A1~
ST*835*50903*005010X221A1~
BPR*I*0.00*C*ACH*CCP*01*021202337*DA*4567890123*61101**01*101000019*DA*4567890123*20260113~
TRN*1*T000000050900*1316170101~
DTM*405*20260113~
N1*PR*Humana~
N3*7536 Washington Ave~
N4*Seattle*WA*98101~
REF*2U*61101~
N1*PE*Patel Stephen*XX*1000000902~
N3*7466 Church St~
N4*Fort Worth*TX*76101~
REF*TJ*418153163~
CLP*CLM0500900*4*474.00*0.00*0.00*13*PCN964423825*11*1~
CAS*PI*185*474.00*1~
NM1*QC*1*Thompson*Sandra****MI*PLN99152699~
NM1*82*1*Patel*Stephen****XX*1000000902~
DTM*232*20250930~
DTM*233*20250930~
SVC*HC:96127:50*24.00*0.00**3~
DTM*472*20250930~
CAS*PI*185*24.00*3~
REF*6R*LNCLM050090000~
AMT*B6*0.00~
LQ*HE*MA130~
SVC*HC:90847:26*450.00*0.00**3~
DTM*472*20250930~
CAS*PI*185*450.00*3~
REF*6R*LNCLM050090001~
AMT*B6*0.00~
LQ*HE*MA130~
CLP*CLM0500901*4*430.00*0.00*0.00*13*PCN237967874*11*1~
CAS*OA*109*430.00*1~
NM1*QC*1*Lewis*Joseph****MI*GRP20458100~
NM1*82*1*Patel*Stephen****XX*1000000902~
DTM*232*20251127~
DTM*233*20251127~
SVC*HC:90832:26*255.00*0.00**3~
DTM*472*20251127~
CAS*OA*109*255.00*3~
REF*6R*LNCLM050090100~
AMT*B6*0.00~
LQ*HE*N386~
SVC*HC:96130:25*175.00*0.00**1~
DTM*472*20251127~
CAS*OA*109*175.00*1~
REF*6R*LNCLM050090101~
AMT*B6*0.00~
LQ*HE*N479~
PLB*647588484*20261231*FB*-56.61~
SE*50*50903~
GE*1*50902~
IEA*1*000050901~