ISA*00*          *00*          *ZZ*MDCD           *ZZ*1000000702     *260116*2334*^*00501*000050701*0*P*:~
GS*HP*MDCD*1000000702*20260116*2334*50702*X*005010X221A1~
ST*835*50703*005010X221A1~
BPR*I*0.00*C*ACH*CCP*01*021202337*DA*7890123456*MDCD**01*111000025*DA*5678901234*20260116~
TRN*1*T000000050700*1648882762~
DTM*405*20260116~
N1*PR*Medicaid~
N3*4153 Lake Rd~
N4*Columbus*OH*43085~
REF*2U*MDCD~
N1*PE*Young Daniel*XX*1000000702~
N3*9070 Highland Ave~
N4*Fort Worth*TX*76101~
REF*TJ*224181257~
CLP*CLM0500700*4*295.00*0.00*0.00*MC*PCN202933344*11*1~
CAS*CO*11*295.00*1~
NM1*QC*1*Smith*Sharon****MI*PLN95373334~
NM1*82*1*Young*Daniel****XX*1000000702~
DTM*232*20260101~
DTM*233*20260101~
SVC*HC:90836:77*100.00*0.00**1~
DTM*472*20260101~
CAS*CO*11*100.00*1~
REF*6R*LNCLM050070000~
AMT*B6*0.00~
LQ*HE*N479~
SVC*HC:90833:59*195.00*0.00**3~
DTM*472*20260101~
CAS*CO*11*195.00*3~
REF*6R*LNCLM050070001~
AMT*B6*0.00~
LQ*HE*N95~
CLP*CLM0500701*4*610.00*0.00*0.00*MC*PCN206813191*11*1~
CAS*CO*167*610.00*1~
NM1*QC*1*Scott*Mark****MI*INS18632137~
NM1*82*1*Young*Daniel****XX*1000000702~
DTM*232*20250830~
DTM*233*20250830~
SVC*HC:90837:76*175.00*0.00**1~
DTM*472*20250830~
CAS*CO*167*175.00*1~
REF*6R*LNCLM050070100~
AMT*B6*0.00~
LQ*HE*M15~
SVC*HC:99214:25*435.00*0.00**3~
DTM*472*20250830~
CAS*CO*167*435.00*3~
REF*6R*LNCLM050070101~
AMT*B6*0.00~
LQ*HE*N95~
PLB*957952732*20261231*FB*-492.67~
SE*50*50703~
GE*1*50702~
IEA*1*000050701~