ISA*00*          *00*          *ZZ*62308          *ZZ*1000000102     *260120*2334*^*00501*000050101*0*P*:~
GS*HP*62308*1000000102*20260120*2334*50102*X*005010X221A1~
ST*835*50103*005010X221A1~
BPR*I*0.00*C*ACH*CCP*01*074000078*DA*2345678901*62308**01*026009593*DA*4567890123*20260120~
TRN*1*T000000050100*1561367509~
DTM*405*20260120~
N1*PR*Cigna~
N3*8304 Park Dr~
N4*Jacksonville*FL*32099~
REF*2U*62308~
N1*PE*Smith Christine*XX*1000000102~
N3*5694 Hill St~
N4*Houston*TX*77001~
REF*TJ*571616214~
CLP*CLM0500100*4*390.00*0.00*0.00*12*PCN416710156*11*1~
CAS*CO*197*390.00*1~
NM1*QC*1*Williams*Robert****MI*GRP85564600~
NM1*82*1*Smith*Christine****XX*1000000102~
DTM*232*20251029~
DTM*233*20251030~
SVC*HC:90834:TC*390.00*0.00**3~
DTM*472*20251029~
CAS*CO*197*390.00*3~
REF*6R*LNCLM050010000~
AMT*B6*0.00~
LQ*HE*N95~
CLP*CLM0500101*4*385.00*0.00*0.00*12*PCN510812776*11*1~
CAS*CO*197*385.00*1~
NM1*QC*1*Garcia*Jennifer****MI*MEM55004091~
NM1*82*1*Smith*Christine****XX*1000000102~
DTM*232*20251102~
DTM*233*20251102~
SVC*HC:99213:76*190.00*0.00**2~
DTM*472*20251102~
CAS*CO*197*190.00*2~
REF*6R*LNCLM050010100~
AMT*B6*0.00~
LQ*HE*N95~
SVC*HC:90833*195.00*0.00**3~
DTM*472*20251102~
CAS*CO*197*195.00*3~
REF*6R*LNCLM050010101~
AMT*B6*0.00~
LQ*HE*N362~
PLB*619519920*20261231*CS*-259.94~
SE*44*50103~
GE*1*50102~
IEA*1*000050101~