ISA*00*          *00*          *ZZ*MDCD           *ZZ*1000001102     *251209*2334*^*00501*000051101*0*P*:~
GS*HP*MDCD*1000001102*20251209*2334*51102*X*005010X221A1~
ST*835*51103*005010X221A1~
BPR*I*151.62*C*ACH*CCP*01*021000021*DA*6789012345*MDCD**01*071000013*DA*3456789012*20251209~
TRN*1*T000000051100*1855551159~
DTM*405*20251209~
N1*PR*Medicaid~
N3*4153 Lake Rd~
N4*Columbus*OH*43085~
REF*2U*MDCD~
N1*PE*Young Elizabeth*XX*1000001102~
N3*6083 Maple Dr~
N4*Philadelphia*PA*19101~
REF*TJ*955519711~
CLP*CLM0501100*4*100.00*0.00*0.00*MC*PCN194629789*11*1~
CAS*CO*16*100.00*1~
NM1*QC*1*Hill*Emily****MI*GRP26813308~
NM1*82*1*Young*Elizabeth****XX*1000001102~
DTM*232*20251207~
DTM*233*20251208~
SVC*HC:90836:59*100.00*0.00**1~
DTM*472*20251207~
CAS*CO*16*100.00*1~
REF*6R*LNCLM050110000~
AMT*B6*0.00~
LQ*HE*M15~
CLP*CLM0501101*4*195.00*0.00*0.00*MC*PCN427403252*11*1~
CAS*CO*29*195.00*1~
NM1*QC*1*Lee*Daniel****MI*MEM89668060~
NM1*82*1*Young*Elizabeth****XX*1000001102~
DTM*232*20251015~
DTM*233*20251016~
SVC*HC:90833*195.00*0.00**3~
DTM*472*20251015~
CAS*CO*29*195.00*3~
REF*6R*LNCLM050110100~
AMT*B6*0.00~
LQ*HE*N362~
CLP*CLM0501102*1*280.00*151.62*54.26*MC*PCN335044323*11*1~
CAS*CO*97*74.12*1~
CAS*PR*3*54.26*1~
NM1*QC*1*Martin*Andrew****MI*MEM87246220~
NM1*82*1*Young*Elizabeth****XX*1000001102~
DTM*232*20250831~
DTM*233*20250901~
SVC*HC:96131:RT*150.00*95.02**1~
DTM*472*20250831~
CAS*CO*97*22.64*1~
CAS*PR*3*32.34*1~
REF*6R*LNCLM050110200~
AMT*B6*127.36~
LQ*HE*N386~
SVC*HC:90833:25*130.00*56.60**2~
DTM*472*20250831~
CAS*CO*45*51.48*2~
CAS*PR*3*21.92*2~
REF*6R*LNCLM050110201~
AMT*B6*78.52~
LQ*HE*N386~
CLP*CLM0501103*4*970.00*0.00*0.00*MC*PCN979519992*11*1~
CAS*CO*4*970.00*1~
NM1*QC*1*Hall*Lisa****MI*PLN94338286~
NM1*82*1*Young*Elizabeth****XX*1000001102~
DTM*232*20250901~
DTM*233*20250902~
SVC*HC:90792*825.00*0.00**3~
DTM*472*20250901~
CAS*CO*4*825.00*3~
REF*6R*LNCLM050110300~
AMT*B6*0.00~
LQ*HE*M15~
SVC*HC:99214*145.00*0.00**1~
DTM*472*20250901~
CAS*CO*4*145.00*1~
REF*6R*LNCLM050110301~
AMT*B6*0.00~
LQ*HE*N479~
CLP*CLM0501104*4*910.00*0.00*0.00*MC*PCN404200464*11*1~
CAS*PI*185*910.00*1~
NM1*QC*1*Torres*Mark****MI*INS57970537~
NM1*82*1*Young*Elizabeth****XX*1000001102~
DTM*232*20251101~
DTM*233*20251101~
SVC*HC:90832*85.00*0.00**1~
DTM*472*20251101~
CAS*PI*185*85.00*1~
REF*6R*LNCLM050110400~
AMT*B6*0.00~
LQ*HE*M15~
SVC*HC:90792:RT*825.00*0.00**3~
DTM*472*20251101~
CAS*PI*185*825.00*3~
REF*6R*LNCLM050110401~
AMT*B6*0.00~
LQ*HE*N479~
SE*94*51103~
GE*1*51102~
IEA*1*000051101~