ISA*00*          *00*          *ZZ*61101          *ZZ*1000000202     *260128*2334*^*00501*000050201*0*P*:~
GS*HP*61101*1000000202*20260128*2334*50202*X*005010X221A1~
ST*835*50203*005010X221A1~
BPR*I*0.00*C*ACH*CCP*01*122000247*DA*2345678901*61101**01*021000021*DA*1234567890*20260128~
TRN*1*T000000050200*1526249897~
DTM*405*20260128~
N1*PR*Humana~
N3*7536 Washington Ave~
N4*Seattle*WA*98101~
REF*2U*61101~
N1*PE*Chen Robert*XX*1000000202~
N3*1801 Oak Ave~
N4*Jacksonville*FL*32099~
REF*TJ*675089743~
CLP*CLM0500200*4*625.00*0.00*0.00*13*PCN578776367*11*1~
CAS*CO*50*625.00*1~
NM1*QC*1*Lee*Jason****MI*GRP23538269~
NM1*82*1*Chen*Robert****XX*1000000202~
DTM*232*20251120~
DTM*233*20251121~
SVC*HC:96130:TC*525.00*0.00**3~
DTM*472*20251120~
CAS*CO*50*525.00*3~
REF*6R*LNCLM050020000~
AMT*B6*0.00~
LQ*HE*N386~
SVC*HC:90853:76*100.00*0.00**2~
DTM*472*20251120~
CAS*CO*50*100.00*2~
REF*6R*LNCLM050020001~
AMT*B6*0.00~
LQ*HE*N362~
CLP*CLM0500201*4*400.00*0.00*0.00*13*PCN446388237*11*1~
CAS*CO*50*400.00*1~
NM1*QC*1*Smith*James****MI*INS60745998~
NM1*82*1*Chen*Robert****XX*1000000202~
DTM*232*20251109~
DTM*233*20251109~
SVC*HC:90847:76*150.00*0.00**1~
DTM*472*20251109~
CAS*CO*50*150.00*1~
REF*6R*LNCLM050020100~
AMT*B6*0.00~
LQ*HE*N95~
SVC*HC:90791:50*250.00*0.00**1~
DTM*472*20251109~
CAS*CO*50*250.00*1~
REF*6R*LNCLM050020101~
AMT*B6*0.00~
LQ*HE*MA130~
CLP*CLM0500202*4*175.00*0.00*0.00*13*PCN693657875*11*1~
CAS*CO*50*175.00*1~
NM1*QC*1*Clark*Elizabeth****MI*PLN19105003~
NM1*82*1*Chen*Robert****XX*1000000202~
DTM*232*20260113~
DTM*233*20260114~
SVC*HC:96130:TC*175.00*0.00**1~
DTM*472*20260113~
CAS*CO*50*175.00*1~
REF*6R*LNCLM050020200~
AMT*B6*0.00~
LQ*HE*N479~
SE*61*50203~
GE*1*50202~
IEA*1*000050201~