ISA*00*          *00*          *ZZ*61101          *ZZ*1000000802     *251125*2334*^*00501*000050801*0*P*:~
GS*HP*61101*1000000802*20251125*2334*50802*X*005010X221A1~
ST*835*50803*005010X221A1~
BPR*I*0.00*C*ACH*CCP*01*071000013*DA*8901234567*61101**01*071000013*DA*9012345678*20251125~
TRN*1*T000000050800*1929821019~
DTM*405*20251125~
N1*PR*Humana~
N3*7536 Washington Ave~
N4*Seattle*WA*98101~
REF*2U*61101~
N1*PE*Clark Jennifer*XX*1000000802~
N3*2982 Market St~
N4*Indianapolis*IN*46201~
REF*TJ*393794357~
CLP*CLM0500800*4*214.00*0.00*0.00*13*PCN870953261*11*1~
CAS*CO*167*214.00*1~
NM1*QC*1*Walker*Rebecca****MI*MEM11729489~
NM1*82*1*Clark*Jennifer****XX*1000000802~
DTM*232*20250920~
DTM*233*20250921~
SVC*HC:96127:25*24.00*0.00**3~
DTM*472*20250920~
CAS*CO*167*24.00*3~
REF*6R*LNCLM050080000~
AMT*B6*0.00~
LQ*HE*N95~
SVC*HC:99213:76*190.00*0.00**2~
DTM*472*20250920~
CAS*CO*167*190.00*2~
REF*6R*LNCLM050080001~
AMT*B6*0.00~
LQ*HE*N362~
CLP*CLM0500801*4*580.00*0.00*0.00*13*PCN127393557*11*1~
CAS*CO*4*580.00*1~
NM1*QC*1*Thompson*Sandra****MI*MEM76114508~
NM1*82*1*Clark*Jennifer****XX*1000000802~
DTM*232*20250912~
DTM*233*20250913~
SVC*HC:99213:RT*190.00*0.00**2~
DTM*472*20250912~
CAS*CO*4*190.00*2~
REF*6R*LNCLM050080100~
AMT*B6*0.00~
LQ*HE*N362~
SVC*HC:90834:RT*390.00*0.00**3~
DTM*472*20250912~
CAS*CO*4*390.00*3~
REF*6R*LNCLM050080101~
AMT*B6*0.00~
LQ*HE*N95~
CLP*CLM0500802*4*520.00*0.00*0.00*13*PCN597541928*11*1~
CAS*CO*11*520.00*1~
NM1*QC*1*Robinson*Joseph****MI*GRP55041161~
NM1*82*1*Clark*Jennifer****XX*1000000802~
DTM*232*20260113~
DTM*233*20260114~
SVC*HC:90833:25*130.00*0.00**2~
DTM*472*20260113~
CAS*CO*11*130.00*2~
REF*6R*LNCLM050080200~
AMT*B6*0.00~
LQ*HE*N362~
SVC*HC:90834:77*390.00*0.00**3~
DTM*472*20260113~
CAS*CO*11*390.00*3~
REF*6R*LNCLM050080201~
AMT*B6*0.00~
LQ*HE*MA130~
PLB*824969456*20251231*L6*-199.76~
SE*68*50803~
GE*1*50802~
IEA*1*000050801~