ISA*00*          *00*          *ZZ*MDCD           *ZZ*1000001002     *251226*2334*^*00501*000051001*0*P*:~
GS*HP*MDCD*1000001002*20251226*2334*51002*X*005010X221A1~
ST*835*51003*005010X221A1~
BPR*I*0.00*C*ACH*CCP*01*081000032*DA*1234567890*MDCD**01*122000247*DA*8901234567*20251226~
TRN*1*T000000051000*1389024382~
DTM*405*20251226~
N1*PR*Medicaid~
N3*4153 Lake Rd~
N4*Columbus*OH*43085~
REF*2U*MDCD~
N1*PE*Kim Patricia*XX*1000001002~
N3*7660 River Rd~
N4*Houston*TX*77001~
REF*TJ*747518216~
CLP*CLM0501000*4*525.00*0.00*0.00*MC*PCN510234232*11*1~
CAS*OA*109*525.00*1~
NM1*QC*1*Lewis*Sharon****MI*PLN25131641~
NM1*82*1*Kim*Patricia****XX*1000001002~
DTM*232*20251114~
DTM*233*20251114~
SVC*HC:96130:RT*525.00*0.00**3~
DTM*472*20251114~
CAS*OA*109*525.00*3~
REF*6R*LNCLM050100000~
AMT*B6*0.00~
LQ*HE*N362~
CLP*CLM0501001*4*290.00*0.00*0.00*MC*PCN885831611*11*1~
CAS*OA*31*290.00*1~
NM1*QC*1*Flores*Patricia****MI*MEM72478192~
NM1*82*1*Kim*Patricia****XX*1000001002~
DTM*232*20260203~
DTM*233*20260203~
SVC*HC:99214:26*290.00*0.00**2~
DTM*472*20260203~
CAS*OA*31*290.00*2~
REF*6R*LNCLM050100100~
AMT*B6*0.00~
LQ*HE*N479~
CLP*CLM0501002*4*550.00*0.00*0.00*MC*PCN367477376*11*1~
CAS*PI*185*550.00*1~
NM1*QC*1*Moore*Sarah****MI*PLN69021053~
NM1*82*1*Kim*Patricia****XX*1000001002~
DTM*232*20260210~
DTM*233*20260210~
SVC*HC:90792:51*550.00*0.00**2~
DTM*472*20260210~
CAS*PI*185*550.00*2~
REF*6R*LNCLM050100200~
AMT*B6*0.00~
LQ*HE*N362~
SE*49*51003~
GE*1*51002~
IEA*1*000051001~