ISA*00*          *00*          *ZZ*87726          *ZZ*1000000502     *251211*2334*^*00501*000050501*0*P*:~
GS*HP*87726*1000000502*20251211*2334*50502*X*005010X221A1~
ST*835*50503*005010X221A1~
BPR*I*466.33*C*ACH*CCP*01*026009593*DA*8901234567*87726**01*071000013*DA*5678901234*20251211~
TRN*1*T000000050500*1971584469~
DTM*405*20251211~
N1*PR*UnitedHealthcare~
N3*497 Washington Ave~
N4*Nashville*TN*37201~
REF*2U*87726~
N1*PE*Patel Laura*XX*1000000502~
N3*8855 River Rd~
N4*Charlotte*NC*28201~
REF*TJ*837928657~
CLP*CLM0500500*1*260.00*152.55*30.73*12*PCN719137892*11*1~
CAS*CO*97*76.72*1~
CAS*PR*2*30.73*1~
NM1*QC*1*Thompson*Sandra****MI*GRP60760787~
NM1*82*1*Patel*Laura****XX*1000000502~
DTM*232*20260203~
DTM*233*20260203~
SVC*HC:90832*85.00*54.61**1~
DTM*472*20260203~
CAS*CO*45*23.81*1~
CAS*PR*2*6.58*1~
REF*6R*LNCLM050050000~
AMT*B6*61.19~
LQ*HE*MA130~
SVC*HC:96130:26*175.00*97.94**1~
DTM*472*20260203~
CAS*CO*45*52.91*1~
CAS*PR*1*24.15*1~
REF*6R*LNCLM050050001~
AMT*B6*122.09~
LQ*HE*N95~
CLP*CLM0500501*1*200.00*120.53*31.20*12*PCN541940576*11*1~
CAS*CO*97*48.27*1~
CAS*PR*2*31.20*1~
NM1*QC*1*Thompson*Steven****MI*GRP61856101~
NM1*82*1*Patel*Laura****XX*1000000502~
DTM*232*20251011~
DTM*233*20251012~
SVC*HC:90836:26*200.00*120.53**2~
DTM*472*20251011~
CAS*CO*45*48.27*2~
CAS*PR*1*31.20*2~
REF*6R*LNCLM050050100~
AMT*B6*151.73~
LQ*HE*N95~
CLP*CLM0500502*1*350.00*193.25*81.64*12*PCN174088783*11*1~
CAS*CO*45*75.11*1~
CAS*PR*1*81.64*1~
NM1*QC*1*Adams*Sarah****MI*PLN59137399~
NM1*82*1*Patel*Laura****XX*1000000502~
DTM*232*20251002~
DTM*233*20251002~
SVC*HC:96130:25*350.00*193.25**2~
DTM*472*20251002~
CAS*CO*45*75.11*2~
CAS*PR*3*81.64*2~
REF*6R*LNCLM050050200~
AMT*B6*274.89~
LQ*HE*N479~
PLB*573592212*20251231*CS*-315.36~
SE*63*50503~
GE*1*50502~
IEA*1*000050501~