ISA*00*          *00*          *ZZ*61101          *ZZ*1000000302     *260124*2334*^*00501*000050301*0*P*:~
GS*HP*61101*1000000302*20260124*2334*50302*X*005010X221A1~
ST*835*50303*005010X221A1~
BPR*I*0.00*C*ACH*CCP*01*026009593*DA*1234567890*61101**01*091000019*DA*0123456789*20260124~
TRN*1*T000000050300*1434121456~
DTM*405*20260124~
N1*PR*Humana~
N3*7536 Washington Ave~
N4*Seattle*WA*98101~
REF*2U*61101~
N1*PE*Anderson Richard*XX*1000000302~
N3*5965 Oak Ave~
N4*New York*NY*10001~
REF*TJ*971744685~
CLP*CLM0500300*4*65.00*0.00*0.00*13*PCN928652321*11*1~
CAS*CO*29*65.00*1~
NM1*QC*1*Thomas*Joshua****MI*GRP64158146~
NM1*82*1*Anderson*Richard****XX*1000000302~
DTM*232*20260202~
DTM*233*20260202~
SVC*HC:90833:TC*65.00*0.00**1~
DTM*472*20260202~
CAS*CO*29*65.00*1~
REF*6R*LNCLM050030000~
AMT*B6*0.00~
LQ*HE*MA130~
CLP*CLM0500301*4*805.00*0.00*0.00*13*PCN460618262*11*1~
CAS*CO*27*805.00*1~
NM1*QC*1*Baker*Ronald****MI*PLN75478229~
NM1*82*1*Anderson*Richard****XX*1000000302~
DTM*232*20251029~
DTM*233*20251030~
SVC*HC:90846:77*280.00*0.00**2~
DTM*472*20251029~
CAS*CO*27*280.00*2~
REF*6R*LNCLM050030100~
AMT*B6*0.00~
LQ*HE*N386~
SVC*HC:96130:LT*525.00*0.00**3~
DTM*472*20251029~
CAS*CO*27*525.00*3~
REF*6R*LNCLM050030101~
AMT*B6*0.00~
LQ*HE*N362~
PLB*827731829*20261231*CS*-323.23~
SE*44*50303~
GE*1*50302~
IEA*1*000050301~