ISA*00*          *00*          *ZZ*91051          *ZZ*1000000002     *251215*2334*^*00501*000050001*0*P*:~
GS*HP*91051*1000000002*20251215*2334*50002*X*005010X221A1~
ST*835*50003*005010X221A1~
BPR*I*0.00*C*ACH*CCP*01*021000021*DA*5678901234*91051**01*074000078*DA*7890123456*20251215~
TRN*1*T000000050000*1961357696~
DTM*405*20251215~
N1*PR*Kaiser Permanente~
N3*723 Park Dr~
N4*Chicago*IL*60601~
REF*2U*91051~
N1*PE*Garcia James*XX*1000000002~
N3*7765 Market St~
N4*Los Angeles*CA*90001~
REF*TJ*327300574~
CLP*CLM0500000*4*175.00*0.00*0.00*13*PCN765773067*11*1~
CAS*CO*16*175.00*1~
NM1*QC*1*Johnson*Laura****MI*PLN70114888~
NM1*82*1*Garcia*James****XX*1000000002~
DTM*232*20250829~
DTM*233*20250830~
SVC*HC:96130:59*175.00*0.00**1~
DTM*472*20250829~
CAS*CO*16*175.00*1~
REF*6R*LNCLM050000000~
AMT*B6*0.00~
LQ*HE*N479~
CLP*CLM0500001*4*195.00*0.00*0.00*13*PCN800663630*11*1~
CAS*CO*16*195.00*1~
NM1*QC*1*Green*Christopher****MI*PLN14970804~
NM1*82*1*Garcia*James****XX*1000000002~
DTM*232*20250930~
DTM*233*20251001~
SVC*HC:90833*195.00*0.00**3~
DTM*472*20250930~
CAS*CO*16*195.00*3~
REF*6R*LNCLM050000100~
AMT*B6*0.00~
LQ*HE*N479~
CLP*CLM0500002*4*580.00*0.00*0.00*13*PCN304529821*11*1~
CAS*CO*16*580.00*1~
NM1*QC*1*Garcia*Karen****MI*PLN44705941~
NM1*82*1*Garcia*James****XX*1000000002~
DTM*232*20260130~
DTM*233*20260130~
SVC*HC:96131:LT*450.00*0.00**3~
DTM*472*20260130~
CAS*CO*16*450.00*3~
REF*6R*LNCLM050000200~
AMT*B6*0.00~
LQ*HE*M15~
SVC*HC:90834*130.00*0.00**1~
DTM*472*20260130~
CAS*CO*16*130.00*1~
REF*6R*LNCLM050000201~
AMT*B6*0.00~
LQ*HE*N386~
SE*55*50003~
GE*1*50002~
IEA*1*000050001~