ISA*00*          *00*          *ZZ*87726          *ZZ*1000006802     *20260107*2335*^*00501*005000008*0*P*:~
GS*HP*87726*1000006802*20260107*2335*50008*X*005010X221A1~
ST*835*00050008~
BPR*H*0.00*C*NON************20260107~
TRN*1*TRC050083082*187726~
DTM*405*20260107~
N1*PR*UnitedHealthcare*XV*87726~
N3*PO Box 27099~
N4*San Antonio*TX*78201~
N1*PE*Maria Garcia, MD*XX*1000006802~
N3*3299 Oak Ave~
N4*Dallas*TX*75201~
REF*TJ*296271758~
CLP*CLM0500800*4*140.00*0.00*0.00*PPO*PYR0500800340~
CAS*PI*197*140.00~
NM1*QC*1*Thomas*Deborah****MI*PLN34937427~
NM1*82*1*Garcia*Maria****XX*1000006802~
DTM*232*20250911~
DTM*233*20250911~
SVC*HC:90846*140.00*0.00**1~
CAS*PI*197*140.00~
DTM*472*20250911~
REF*6R*LNCLM05008001109~
AMT*B6*0.00~
LQ*HE*MA130~
CLP*CLM0500801*4*175.00*0.00*0.00*PPO*PYR0500801447~
CAS*CO*50*175.00~
NM1*QC*1*Allen*Lisa****MI*MEM63483515~
NM1*82*1*Garcia*Maria****XX*1000006802~
DTM*232*20251007~
DTM*233*20251007~
SVC*HC:90837*175.00*0.00**1~
CAS*CO*50*175.00~
DTM*472*20251007~
REF*6R*LNCLM05008016533~
AMT*B6*0.00~
LQ*HE*MA130~
CLP*CLM0500802*4*175.00*0.00*0.00*PPO*PYR0500802992~
CAS*PI*197*175.00~
NM1*QC*1*Martinez*Edward****MI*PLN99945314~
NM1*82*1*Garcia*Maria****XX*1000006802~
DTM*232*20251030~
DTM*233*20251030~
SVC*HC:90837*175.00*0.00**1~
CAS*PI*197*175.00~
DTM*472*20251030~
REF*6R*LNCLM05008025241~
AMT*B6*0.00~
LQ*HE*MA130~
SE*48*00050008~
GE*1*50008~
IEA*1*005000008~