ISA*00*          *00*          *ZZ*91051          *ZZ*1000012102     *20251206*2335*^*00501*005000011*0*P*:~
GS*HP*91051*1000012102*20251206*2335*50011*X*005010X221A1~
ST*835*00050011~
BPR*H*26.98*C*NON************20251206~
TRN*1*TRC050117539*191051~
DTM*405*20251206~
N1*PR*Kaiser Permanente*XV*91051~
N3*PO Box 48639~
N4*Phoenix*AZ*85001~
N1*PE*David Young, MD PhD*XX*1000012102~
N3*2215 Main St~
N4*Houston*TX*77001~
REF*TJ*873665680~
CLP*CLM0501100*4*95.00*0.00*0.00*HMO*PYR0501100426~
CAS*PI*50*95.00~
NM1*QC*1*Rivera*Nancy****MI*GRP51025642~
NM1*82*1*Young*David****XX*1000012102~
DTM*232*20260101~
DTM*233*20260102~
SVC*HC:99213*95.00*0.00**1~
CAS*PI*50*95.00~
DTM*472*20260101~
REF*6R*LNCLM05011008278~
AMT*B6*0.00~
LQ*HE*N95~
CLP*CLM0501101*2*150.00*22.93*10.22*HMO*PYR0501101429~
CAS*PI*109*116.85~
CAS*PR*2*10.22~
NM1*QC*1*Hall*Jennifer****MI*GRP22466665~
NM1*82*1*Young*David****XX*1000012102~
DTM*232*20251129~
DTM*233*20251129~
SVC*HC:96131*150.00*22.93**1~
CAS*PI*109*116.85~
CAS*PR*2*10.22~
DTM*472*20251129~
REF*6R*LNCLM05011011254~
AMT*B6*33.15~
LQ*HE*N386~
CLP*CLM0501102*4*150.00*0.00*0.00*HMO*PYR0501102650~
CAS*OA*11*150.00~
NM1*QC*1*Jones*Melissa****MI*PLN58672170~
NM1*82*1*Young*David****XX*1000012102~
DTM*232*20251230~
DTM*233*20251230~
SVC*HC:90847*150.00*0.00**2~
CAS*OA*11*150.00~
DTM*472*20251230~
REF*6R*LNCLM05011024839~
AMT*B6*0.00~
LQ*HE*N479~
CLP*CLM0501103*2*8.00*1.31*0.75*HMO*PYR0501103974~
CAS*PI*50*5.94~
CAS*PR*1*0.75~
NM1*QC*1*Martinez*Nancy****MI*GRP67726116~
NM1*82*1*Young*David****XX*1000012102~
DTM*232*20251101~
DTM*233*20251101~
SVC*HC:96127*8.00*1.31**1~
CAS*PI*50*5.94~
CAS*PR*1*0.75~
DTM*472*20251101~
REF*6R*LNCLM05011037709~
AMT*B6*2.06~
LQ*HE*N479~
CLP*CLM0501104*2*8.00*2.74*1.20*HMO*PYR0501104853~
CAS*PI*197*4.06~
CAS*PR*1*1.20~
NM1*QC*1*Rodriguez*Carol****MI*MEM66755547~
NM1*82*1*Young*David****XX*1000012102~
DTM*232*20250925~
DTM*233*20250926~
SVC*HC:96127*8.00*2.74**2~
CAS*PI*197*4.06~
CAS*PR*1*1.20~
DTM*472*20250925~
REF*6R*LNCLM05011042819~
AMT*B6*3.94~
LQ*HE*N362~
SE*78*00050011~
GE*1*50011~
IEA*1*005000011~