ISA*00*          *00*          *ZZ*99726          *ZZ*1000003502     *20251204*2335*^*00501*005000005*0*P*:~
GS*HP*99726*1000003502*20251204*2335*50005*X*005010X221A1~
ST*835*00050005~
BPR*H*0.00*C*NON************20251204~
TRN*1*TRC050052388*199726~
DTM*405*20251204~
N1*PR*Tricare*XV*99726~
N3*PO Box 54735~
N4*Columbus*OH*43085~
N1*PE*Elizabeth Anderson, MD*XX*1000003502~
N3*2097 Oak Ave~
N4*Phoenix*AZ*85001~
REF*TJ*415592523~
CLP*CLM0500500*4*100.00*0.00*0.00*Government*PYR0500500680~
CAS*CO*11*100.00~
NM1*QC*1*Lopez*Emily****MI*MEM98639097~
NM1*82*1*Anderson*Elizabeth****XX*1000003502~
DTM*232*20260109~
DTM*233*20260109~
SVC*HC:90836*100.00*0.00**1~
CAS*CO*11*100.00~
DTM*472*20260109~
REF*6R*LNCLM05005005841~
AMT*B6*0.00~
LQ*HE*N386~
CLP*CLM0500501*4*175.00*0.00*0.00*Government*PYR0500501196~
CAS*CO*167*175.00~
NM1*QC*1*Moore*Betty****MI*MEM19382664~
NM1*82*1*Anderson*Elizabeth****XX*1000003502~
DTM*232*20250926~
DTM*233*20250927~
SVC*HC:96130*175.00*0.00**1~
CAS*CO*167*175.00~
DTM*472*20250926~
REF*6R*LNCLM05005018157~
AMT*B6*0.00~
LQ*HE*N386~
CLP*CLM0500502*4*50.00*0.00*0.00*Government*PYR0500502854~
CAS*CO*167*50.00~
NM1*QC*1*Robinson*Sharon****MI*INS89094988~
NM1*82*1*Anderson*Elizabeth****XX*1000003502~
DTM*232*20260114~
DTM*233*20260114~
SVC*HC:90853*50.00*0.00**1~
CAS*CO*167*50.00~
DTM*472*20260114~
REF*6R*LNCLM05005025819~
AMT*B6*0.00~
LQ*HE*N386~
SE*48*00050005~
GE*1*50005~
IEA*1*005000005~