ISA*00*          *00*          *ZZ*MDCD           *ZZ*1000012202     *20251123*2335*^*00501*005000012*0*P*:~
GS*HP*MDCD*1000012202*20251123*2335*50012*X*005010X221A1~
ST*835*00050012~
BPR*H*132.15*C*NON************20251123~
TRN*1*TRC050129580*1MDCD~
DTM*405*20251123~
N1*PR*Medicaid*XV*MDCD~
N3*PO Box 35717~
N4*Seattle*WA*98101~
N1*PE*Patricia Garcia, MD*XX*1000012202~
N3*6771 Cedar Ln~
N4*San Antonio*TX*78201~
REF*TJ*763430705~
CLP*CLM0501200*2*95.00*25.70*12.85*Medicaid*PYR0501200212~
CAS*PI*4*56.45~
CAS*PR*1*12.85~
NM1*QC*1*Garcia*Brian****MI*PLN36895331~
NM1*82*1*Garcia*Patricia****XX*1000012202~
DTM*232*20251123~
DTM*233*20251123~
SVC*HC:99213*95.00*25.70**1~
CAS*PI*4*56.45~
CAS*PR*1*12.85~
DTM*472*20251123~
REF*6R*LNCLM05012005964~
AMT*B6*38.55~
LQ*HE*N381~
CLP*CLM0501201*2*250.00*71.46*12.74*Medicaid*PYR0501201879~
CAS*CO*96*165.80~
CAS*PR*3*12.74~
NM1*QC*1*King*Jennifer****MI*GRP22861001~
NM1*82*1*Garcia*Patricia****XX*1000012202~
DTM*232*20250901~
DTM*233*20250902~
SVC*HC:90791*250.00*71.46**1~
CAS*CO*96*165.80~
CAS*PR*3*12.74~
DTM*472*20250901~
REF*6R*LNCLM05012013221~
AMT*B6*84.20~
LQ*HE*MA130~
CLP*CLM0501202*4*145.00*0.00*0.00*Medicaid*PYR0501202970~
CAS*PI*97*145.00~
NM1*QC*1*Green*Elizabeth****MI*PLN93071227~
NM1*82*1*Garcia*Patricia****XX*1000012202~
DTM*232*20250922~
DTM*233*20250922~
SVC*HC:99214*145.00*0.00**1~
CAS*PI*97*145.00~
DTM*472*20250922~
REF*6R*LNCLM05012024337~
AMT*B6*0.00~
LQ*HE*N362~
CLP*CLM0501203*2*100.00*34.99*16.15*Medicaid*PYR0501203558~
CAS*PI*197*48.86~
CAS*PR*2*16.15~
NM1*QC*1*Taylor*Edward****MI*GRP10413817~
NM1*82*1*Garcia*Patricia****XX*1000012202~
DTM*232*20251117~
DTM*233*20251118~
SVC*HC:90836*100.00*34.99**1~
CAS*PI*197*48.86~
CAS*PR*2*16.15~
DTM*472*20251117~
REF*6R*LNCLM05012035848~
AMT*B6*51.14~
LQ*HE*M15~
SE*66*00050012~
GE*1*50012~
IEA*1*005000012~