ISA*00*          *00*          *ZZ*99726          *ZZ*1000009002     *20251219*2335*^*00501*005000010*0*P*:~
GS*HP*99726*1000009002*20251219*2335*50010*X*005010X221A1~
ST*835*00050010~
BPR*H*0.00*C*NON************20251219~
TRN*1*TRC050103792*199726~
DTM*405*20251219~
N1*PR*Tricare*XV*99726~
N3*PO Box 33613~
N4*Philadelphia*PA*19101~
N1*PE*Christine Smith, MD PhD*XX*1000009002~
N3*7092 Oak Ave~
N4*Philadelphia*PA*19101~
REF*TJ*707877920~
CLP*CLM0501000*4*275.00*0.00*0.00*Government*PYR0501000827~
CAS*PI*109*275.00~
NM1*QC*1*Jones*Kimberly****MI*MEM54870136~
NM1*82*1*Smith*Christine****XX*1000009002~
DTM*232*20251219~
DTM*233*20251219~
SVC*HC:90792*275.00*0.00**2~
CAS*PI*109*275.00~
DTM*472*20251219~
REF*6R*LNCLM05010001436~
AMT*B6*0.00~
LQ*HE*N381~
CLP*CLM0501001*4*65.00*0.00*0.00*Government*PYR0501001575~
CAS*PI*222*65.00~
NM1*QC*1*Baker*Sarah****MI*INS14461456~
NM1*82*1*Smith*Christine****XX*1000009002~
DTM*232*20251108~
DTM*233*20251109~
SVC*HC:90833*65.00*0.00**2~
CAS*PI*222*65.00~
DTM*472*20251108~
REF*6R*LNCLM05010015082~
AMT*B6*0.00~
LQ*HE*N381~
CLP*CLM0501002*4*250.00*0.00*0.00*Government*PYR0501002290~
CAS*OA*222*250.00~
NM1*QC*1*Robinson*Sharon****MI*PLN20253754~
NM1*82*1*Smith*Christine****XX*1000009002~
DTM*232*20251021~
DTM*233*20251021~
SVC*HC:90791*250.00*0.00**1~
CAS*OA*222*250.00~
DTM*472*20251021~
REF*6R*LNCLM05010025380~
AMT*B6*0.00~
LQ*HE*N381~
SE*48*00050010~
GE*1*50010~
IEA*1*005000010~