ISA*00*          *00*          *ZZ*62308          *ZZ*1000000102     *20251130*2335*^*00501*005000001*0*P*:~
GS*HP*62308*1000000102*20251130*2335*50001*X*005010X221A1~
ST*835*00050001~
BPR*H*0.00*C*NON************20251130~
TRN*1*TRC050015081*162308~
DTM*405*20251130~
N1*PR*Cigna*XV*62308~
N3*PO Box 41319~
N4*San Jose*CA*95101~
N1*PE*Christine Smith, MD*XX*1000000102~
N3*3357 Spring Ln~
N4*Portland*OR*97201~
REF*TJ*526581520~
CLP*CLM0500100*4*65.00*0.00*0.00*PPO*PYR0500100698~
CAS*CO*22*65.00~
NM1*QC*1*Nelson*Kenneth****MI*PLN42546248~
NM1*82*1*Smith*Christine****XX*1000000102~
DTM*232*20251125~
DTM*233*20251125~
SVC*HC:90833*65.00*0.00**1~
CAS*CO*22*65.00~
DTM*472*20251125~
REF*6R*LNCLM05001009513~
AMT*B6*0.00~
LQ*HE*N362~
CLP*CLM0500101*4*65.00*0.00*0.00*PPO*PYR0500101693~
CAS*CO*22*65.00~
NM1*QC*1*Nelson*Paul****MI*GRP56719842~
NM1*82*1*Smith*Christine****XX*1000000102~
DTM*232*20250825~
DTM*233*20250825~
SVC*HC:90833*65.00*0.00**3~
CAS*CO*22*65.00~
DTM*472*20250825~
REF*6R*LNCLM05001019591~
AMT*B6*0.00~
LQ*HE*N362~
CLP*CLM0500102*4*175.00*0.00*0.00*PPO*PYR0500102213~
CAS*CO*27*175.00~
NM1*QC*1*Miller*Lisa****MI*GRP22057891~
NM1*82*1*Smith*Christine****XX*1000000102~
DTM*232*20251115~
DTM*233*20251116~
SVC*HC:90837*175.00*0.00**1~
CAS*CO*27*175.00~
DTM*472*20251115~
REF*6R*LNCLM05001028334~
AMT*B6*0.00~
LQ*HE*N362~
SE*48*00050001~
GE*1*50001~
IEA*1*005000001~