ISA*00*          *00*          *ZZ*62308          *ZZ*1000006702     *20251226*2335*^*00501*005000007*0*P*:~
GS*HP*62308*1000006702*20251226*2335*50007*X*005010X221A1~
ST*835*00050007~
BPR*H*0.00*C*NON************20251226~
TRN*1*TRC050079501*162308~
DTM*405*20251226~
N1*PR*Cigna*XV*62308~
N3*PO Box 16879~
N4*Jacksonville*FL*32099~
N1*PE*Jennifer Anderson, DO FACP*XX*1000006702~
N3*3301 Meadow Ln~
N4*Phoenix*AZ*85001~
REF*TJ*896290330~
CLP*CLM0500700*4*175.00*0.00*0.00*PPO*PYR0500700872~
CAS*PI*197*175.00~
NM1*QC*1*Adams*Steven****MI*PLN21092878~
NM1*82*1*Anderson*Jennifer****XX*1000006702~
DTM*232*20251118~
DTM*233*20251118~
SVC*HC:90837*175.00*0.00**2~
CAS*PI*197*175.00~
DTM*472*20251118~
REF*6R*LNCLM05007003570~
AMT*B6*0.00~
LQ*HE*MA130~
CLP*CLM0500701*4*140.00*0.00*0.00*PPO*PYR0500701112~
CAS*PI*50*140.00~
NM1*QC*1*Rivera*Anthony****MI*MEM71921046~
NM1*82*1*Anderson*Jennifer****XX*1000006702~
DTM*232*20260117~
DTM*233*20260117~
SVC*HC:90846*140.00*0.00**1~
CAS*PI*50*140.00~
DTM*472*20260117~
REF*6R*LNCLM05007016609~
AMT*B6*0.00~
LQ*HE*MA130~
CLP*CLM0500702*4*275.00*0.00*0.00*PPO*PYR0500702251~
CAS*PI*197*275.00~
NM1*QC*1*Wilson*Andrew****MI*INS72914161~
NM1*82*1*Anderson*Jennifer****XX*1000006702~
DTM*232*20250909~
DTM*233*20250910~
SVC*HC:90792*275.00*0.00**1~
CAS*PI*197*275.00~
DTM*472*20250909~
REF*6R*LNCLM05007029502~
AMT*B6*0.00~
LQ*HE*MA130~
SE*48*00050007~
GE*1*50007~
IEA*1*005000007~