ISA*00*          *00*          *ZZ*61101          *ZZ*1000000202     *20260203*2335*^*00501*005000002*0*P*:~
GS*HP*61101*1000000202*20260203*2335*50002*X*005010X221A1~
ST*835*00050002~
BPR*H*0.00*C*NON************20260203~
TRN*1*TRC050024927*161101~
DTM*405*20260203~
N1*PR*Humana*XV*61101~
N3*PO Box 10087~
N4*Columbus*OH*43085~
N1*PE*Robert Chen, DO*XX*1000000202~
N3*4593 Spring Ln~
N4*Los Angeles*CA*90001~
REF*TJ*758760171~
CLP*CLM0500200*4*130.00*0.00*0.00*HMO*PYR0500200825~
CAS*CO*22*130.00~
NM1*QC*1*Green*Emily****MI*MEM60668979~
NM1*82*1*Chen*Robert****XX*1000000202~
DTM*232*20251022~
DTM*233*20251022~
SVC*HC:90834*130.00*0.00**1~
CAS*CO*22*130.00~
DTM*472*20251022~
REF*6R*LNCLM05002008008~
AMT*B6*0.00~
LQ*HE*N362~
CLP*CLM0500201*4*175.00*0.00*0.00*HMO*PYR0500201935~
CAS*CO*22*175.00~
NM1*QC*1*Wilson*Brian****MI*PLN91250621~
NM1*82*1*Chen*Robert****XX*1000000202~
DTM*232*20260108~
DTM*233*20260108~
SVC*HC:96130*175.00*0.00**1~
CAS*CO*22*175.00~
DTM*472*20260108~
REF*6R*LNCLM05002015926~
AMT*B6*0.00~
LQ*HE*N362~
CLP*CLM0500202*4*150.00*0.00*0.00*HMO*PYR0500202504~
CAS*CO*27*150.00~
NM1*QC*1*Perez*Nancy****MI*INS87619260~
NM1*82*1*Chen*Robert****XX*1000000202~
DTM*232*20251215~
DTM*233*20251216~
SVC*HC:96131*150.00*0.00**2~
CAS*CO*27*150.00~
DTM*472*20251215~
REF*6R*LNCLM05002028261~
AMT*B6*0.00~
LQ*HE*N362~
SE*48*00050002~
GE*1*50002~
IEA*1*005000002~