ISA*00*          *00*          *ZZ*61101          *ZZ*1000000302     *20251227*2335*^*00501*005000003*0*P*:~
GS*HP*61101*1000000302*20251227*2335*50003*X*005010X221A1~
ST*835*00050003~
BPR*H*0.00*C*NON************20251227~
TRN*1*TRC050035377*161101~
DTM*405*20251227~
N1*PR*Humana*XV*61101~
N3*PO Box 66502~
N4*Philadelphia*PA*19101~
N1*PE*Richard Anderson, DO*XX*1000000302~
N3*5946 Market St~
N4*Indianapolis*IN*46201~
REF*TJ*574422045~
CLP*CLM0500300*4*140.00*0.00*0.00*HMO*PYR0500300825~
CAS*CO*27*140.00~
NM1*QC*1*Harris*Matthew****MI*GRP49540846~
NM1*82*1*Anderson*Richard****XX*1000000302~
DTM*232*20250917~
DTM*233*20250918~
SVC*HC:90846*140.00*0.00**3~
CAS*CO*27*140.00~
DTM*472*20250917~
REF*6R*LNCLM05003006704~
AMT*B6*0.00~
LQ*HE*N362~
CLP*CLM0500301*4*175.00*0.00*0.00*HMO*PYR0500301333~
CAS*CO*31*175.00~
NM1*QC*1*Johnson*James****MI*INS64576466~
NM1*82*1*Anderson*Richard****XX*1000000302~
DTM*232*20251224~
DTM*233*20251225~
SVC*HC:90837*175.00*0.00**1~
CAS*CO*31*175.00~
DTM*472*20251224~
REF*6R*LNCLM05003011200~
AMT*B6*0.00~
LQ*HE*N362~
SE*36*00050003~
GE*1*50003~
IEA*1*005000003~