ISA*00*          *00*          *ZZ*87726          *ZZ*1000003602     *20260131*2335*^*00501*005000006*0*P*:~
GS*HP*87726*1000003602*20260131*2335*50006*X*005010X221A1~
ST*835*00050006~
BPR*H*0.00*C*NON************20260131~
TRN*1*TRC050065812*187726~
DTM*405*20260131~
N1*PR*UnitedHealthcare*XV*87726~
N3*PO Box 57993~
N4*Austin*TX*73301~
N1*PE*Jennifer Patel, DO*XX*1000003602~
N3*5303 Valley View Dr~
N4*Nashville*TN*37201~
REF*TJ*836011464~
CLP*CLM0500600*4*50.00*0.00*0.00*PPO*PYR0500600587~
CAS*CO*11*50.00~
NM1*QC*1*Miller*Joseph****MI*INS53964543~
NM1*82*1*Patel*Jennifer****XX*1000003602~
DTM*232*20260121~
DTM*233*20260122~
SVC*HC:90853*50.00*0.00**3~
CAS*CO*11*50.00~
DTM*472*20260121~
REF*6R*LNCLM05006004860~
AMT*B6*0.00~
LQ*HE*N386~
CLP*CLM0500601*4*150.00*0.00*0.00*PPO*PYR0500601317~
CAS*CO*167*150.00~
NM1*QC*1*Smith*Jessica****MI*INS89301519~
NM1*82*1*Patel*Jennifer****XX*1000003602~
DTM*232*20251012~
DTM*233*20251012~
SVC*HC:90847*150.00*0.00**1~
CAS*CO*167*150.00~
DTM*472*20251012~
REF*6R*LNCLM05006012395~
AMT*B6*0.00~
LQ*HE*N386~
CLP*CLM0500602*4*175.00*0.00*0.00*PPO*PYR0500602372~
CAS*CO*4*175.00~
NM1*QC*1*Garcia*Ronald****MI*GRP74693358~
NM1*82*1*Patel*Jennifer****XX*1000003602~
DTM*232*20250915~
DTM*233*20250915~
SVC*HC:96130*175.00*0.00**1~
CAS*CO*4*175.00~
DTM*472*20250915~
REF*6R*LNCLM05006025919~
AMT*B6*0.00~
LQ*HE*N386~
SE*48*00050006~
GE*1*50006~
IEA*1*005000006~