ISA*00*          *00*          *ZZ*MDCD           *ZZ*1000003402     *20260131*2335*^*00501*005000004*0*P*:~
GS*HP*MDCD*1000003402*20260131*2335*50004*X*005010X221A1~
ST*835*00050004~
BPR*H*0.00*C*NON************20260131~
TRN*1*TRC050049274*1MDCD~
DTM*405*20260131~
N1*PR*Medicaid*XV*MDCD~
N3*PO Box 75274~
N4*Houston*TX*77001~
N1*PE*Rebecca Smith, MD FACS*XX*1000003402~
N3*4465 Cedar Ln~
N4*Charlotte*NC*28201~
REF*TJ*667973735~
CLP*CLM0500400*4*175.00*0.00*0.00*Medicaid*PYR0500400751~
CAS*CO*167*175.00~
NM1*QC*1*Walker*Deborah****MI*GRP59932323~
NM1*82*1*Smith*Rebecca****XX*1000003402~
DTM*232*20251106~
DTM*233*20251106~
SVC*HC:90837*175.00*0.00**1~
CAS*CO*167*175.00~
DTM*472*20251106~
REF*6R*LNCLM05004004395~
AMT*B6*0.00~
LQ*HE*N386~
CLP*CLM0500401*4*65.00*0.00*0.00*Medicaid*PYR0500401825~
CAS*CO*4*65.00~
NM1*QC*1*Thompson*Mark****MI*GRP91076122~
NM1*82*1*Smith*Rebecca****XX*1000003402~
DTM*232*20251109~
DTM*233*20251109~
SVC*HC:90833*65.00*0.00**2~
CAS*CO*4*65.00~
DTM*472*20251109~
REF*6R*LNCLM05004016847~
AMT*B6*0.00~
LQ*HE*N386~
CLP*CLM0500402*4*175.00*0.00*0.00*Medicaid*PYR0500402333~
CAS*CO*167*175.00~
NM1*QC*1*Clark*Dorothy****MI*INS20433428~
NM1*82*1*Smith*Rebecca****XX*1000003402~
DTM*232*20260106~
DTM*233*20260106~
SVC*HC:90837*175.00*0.00**3~
CAS*CO*167*175.00~
DTM*472*20260106~
REF*6R*LNCLM05004028920~
AMT*B6*0.00~
LQ*HE*N386~
SE*48*00050004~
GE*1*50004~
IEA*1*005000004~