ISA*00*          *00*          *ZZ*91051          *ZZ*1000008902     *20260106*2335*^*00501*005000009*0*P*:~
GS*HP*91051*1000008902*20260106*2335*50009*X*005010X221A1~
ST*835*00050009~
BPR*H*0.00*C*NON************20260106~
TRN*1*TRC050092747*191051~
DTM*405*20260106~
N1*PR*Kaiser Permanente*XV*91051~
N3*PO Box 61930~
N4*Houston*TX*77001~
N1*PE*Thomas Smith, MD PhD*XX*1000008902~
N3*4431 Lake Rd~
N4*Charlotte*NC*28201~
REF*TJ*553762557~
CLP*CLM0500900*4*50.00*0.00*0.00*HMO*PYR0500900560~
CAS*OA*109*50.00~
NM1*QC*1*Adams*Melissa****MI*INS83280492~
NM1*82*1*Smith*Thomas****XX*1000008902~
DTM*232*20260104~
DTM*233*20260105~
SVC*HC:90853*50.00*0.00**3~
CAS*OA*109*50.00~
DTM*472*20260104~
REF*6R*LNCLM05009007806~
AMT*B6*0.00~
LQ*HE*N381~
CLP*CLM0500901*4*145.00*0.00*0.00*HMO*PYR0500901904~
CAS*OA*109*145.00~
NM1*QC*1*Ramirez*Jacob****MI*PLN42395979~
NM1*82*1*Smith*Thomas****XX*1000008902~
DTM*232*20251230~
DTM*233*20251231~
SVC*HC:99214*145.00*0.00**2~
CAS*OA*109*145.00~
DTM*472*20251230~
REF*6R*LNCLM05009011717~
AMT*B6*0.00~
LQ*HE*N381~
CLP*CLM0500902*4*50.00*0.00*0.00*HMO*PYR0500902222~
CAS*PI*96*50.00~
NM1*QC*1*Walker*James****MI*GRP24000665~
NM1*82*1*Smith*Thomas****XX*1000008902~
DTM*232*20251015~
DTM*233*20251015~
SVC*HC:90853*50.00*0.00**1~
CAS*PI*96*50.00~
DTM*472*20251015~
REF*6R*LNCLM05009027846~
AMT*B6*0.00~
LQ*HE*N381~
SE*48*00050009~
GE*1*50009~
IEA*1*005000009~