ISA*00*          *00*          *ZZ*MDCD           *ZZ*1000020402     *260101*2334*^*00501*000070401*0*P*:~
GS*HP*MDCD*1000020402*20260101*2334*70402*X*005010X221A1~
ST*835*70403*005010X221A1~
BPR*I*0.00*C*ACH*CCP*01*074000078*DA*7890123456*MDCD**01*074000078*DA*8901234567*20260101~
TRN*1*T000000070400*1841341874~
DTM*405*20260101~
N1*PR*Medicaid~
N3*4153 Lake Rd~
N4*Columbus*OH*43085~
REF*2U*MDCD~
N1*PE*Nguyen Maria*XX*1000020402~
N3*4346 Sunset Blvd~
N4*Charlotte*NC*28201~
REF*TJ*406877737~
CLP*CLM0700400*4*354.00*0.00*0.00*MC*PCN356783806*11*1~
CAS*CO*27*354.00*1~
NM1*QC*1*Young*Amanda****MI*INS54314859~
NM1*82*1*Nguyen*Maria****XX*1000020402~
DTM*232*20251112~
DTM*233*20251113~
SVC*HC:88304:77*300.00*0.00**3~
DTM*472*20251112~
CAS*CO*27*300.00*3~
REF*6R*LNCLM070040000~
AMT*B6*0.00~
LQ*HE*M15~
SVC*HC:87086:RT*54.00*0.00**3~
DTM*472*20251112~
CAS*CO*27*54.00*3~
REF*6R*LNCLM070040001~
AMT*B6*0.00~
LQ*HE*M15~
CLP*CLM0700401*4*775.00*0.00*0.00*MC*PCN209606464*11*1~
CAS*CO*96*775.00*1~
NM1*QC*1*Martin*Betty****MI*INS79547938~
NM1*82*1*Nguyen*Maria****XX*1000020402~
DTM*232*20251020~
DTM*233*20251020~
SVC*HC:88307:50*400.00*0.00**2~
DTM*472*20251020~
CAS*CO*96*400.00*2~
REF*6R*LNCLM070040100~
AMT*B6*0.00~
LQ*HE*MA130~
SVC*HC:88342:25*375.00*0.00**3~
DTM*472*20251020~
CAS*CO*96*375.00*3~
REF*6R*LNCLM070040101~
AMT*B6*0.00~
LQ*HE*N479~
CLP*CLM0700402*4*220.00*0.00*0.00*MC*PCN337515215*11*1~
CAS*CO*29*220.00*1~
NM1*QC*1*Hall*Brian****MI*PLN96878973~
NM1*82*1*Nguyen*Maria****XX*1000020402~
DTM*232*20251119~
DTM*233*20251120~
SVC*HC:80053:LT*50.00*0.00**2~
DTM*472*20251119~
CAS*CO*29*50.00*2~
REF*6R*LNCLM070040200~
AMT*B6*0.00~
LQ*HE*N362~
SVC*HC:88312*170.00*0.00**2~
DTM*472*20251119~
CAS*CO*29*170.00*2~
REF*6R*LNCLM070040201~
AMT*B6*0.00~
LQ*HE*MA130~
PLB*695160845*20261231*CS*-80.68~
SE*68*70403~
GE*1*70402~
IEA*1*000070401~