ISA*00*          *00*          *ZZ*60054          *ZZ*1000020902     *251126*2334*^*00501*000070901*0*P*:~
GS*HP*60054*1000020902*20251126*2334*70902*X*005010X221A1~
ST*835*70903*005010X221A1~
BPR*I*0.00*C*ACH*CCP*01*071000013*DA*3456789012*60054**01*091000019*DA*2345678901*20251126~
TRN*1*T000000070900*1782603559~
DTM*405*20251126~
N1*PR*Aetna~
N3*8087 Forest Dr~
N4*Indianapolis*IN*46201~
REF*2U*60054~
N1*PE*Young Robert*XX*1000020902~
N3*5229 Spring Ln~
N4*Jacksonville*FL*32099~
REF*TJ*745686141~
CLP*CLM0700900*4*430.00*0.00*0.00*12*PCN645158295*11*1~
CAS*PI*185*430.00*1~
NM1*QC*1*Martinez*Thomas****MI*MEM87486464~
NM1*82*1*Young*Robert****XX*1000020902~
DTM*232*20251124~
DTM*233*20251124~
SVC*HC:88342:51*250.00*0.00**2~
DTM*472*20251124~
CAS*PI*185*250.00*2~
REF*6R*LNCLM070090000~
AMT*B6*0.00~
LQ*HE*N95~
SVC*HC:88112:RT*180.00*0.00**3~
DTM*472*20251124~
CAS*PI*185*180.00*3~
REF*6R*LNCLM070090001~
AMT*B6*0.00~
LQ*HE*N386~
CLP*CLM0700901*4*100.00*0.00*0.00*12*PCN428134605*11*1~
CAS*OA*109*100.00*1~
NM1*QC*1*Wilson*Elizabeth****MI*PLN13775720~
NM1*82*1*Young*Robert****XX*1000020902~
DTM*232*20250912~
DTM*233*20250913~
SVC*HC:88341:RT*100.00*0.00**1~
DTM*472*20250912~
CAS*OA*109*100.00*1~
REF*6R*LNCLM070090100~
AMT*B6*0.00~
LQ*HE*N386~
CLP*CLM0700902*4*450.00*0.00*0.00*12*PCN673230245*11*1~
CAS*OA*31*450.00*1~
NM1*QC*1*Wilson*Brian****MI*GRP89966349~
NM1*82*1*Young*Robert****XX*1000020902~
DTM*232*20251104~
DTM*233*20251104~
SVC*HC:88173:RT*450.00*0.00**3~
DTM*472*20251104~
CAS*OA*31*450.00*3~
REF*6R*LNCLM070090200~
AMT*B6*0.00~
LQ*HE*MA130~
SE*55*70903~
GE*1*70902~
IEA*1*000070901~