ISA*00*          *00*          *ZZ*99726          *ZZ*1000021102     *251220*2334*^*00501*000071101*0*P*:~
GS*HP*99726*1000021102*20251220*2334*71102*X*005010X221A1~
ST*835*71103*005010X221A1~
BPR*I*197.48*C*ACH*CCP*01*101000019*DA*7890123456*99726**01*081000032*DA*3456789012*20251220~
TRN*1*T000000071100*1902000504~
DTM*405*20251220~
N1*PR*Tricare~
N3*3978 Market St~
N4*Houston*TX*77001~
REF*2U*99726~
N1*PE*Kim Thomas*XX*1000021102~
N3*1263 Market St~
N4*Indianapolis*IN*46201~
REF*TJ*705587174~
CLP*CLM0701100*4*375.00*0.00*0.00*15*PCN393579165*11*1~
CAS*CO*16*375.00*1~
NM1*QC*1*Robinson*Michelle****MI*GRP73532119~
NM1*82*1*Kim*Thomas****XX*1000021102~
DTM*232*20260121~
DTM*233*20260122~
SVC*HC:88313:26*300.00*0.00**3~
DTM*472*20260121~
CAS*CO*16*300.00*3~
REF*6R*LNCLM070110000~
AMT*B6*0.00~
LQ*HE*M15~
SVC*HC:88302:77*75.00*0.00**1~
DTM*472*20260121~
CAS*CO*16*75.00*1~
REF*6R*LNCLM070110001~
AMT*B6*0.00~
LQ*HE*M15~
CLP*CLM0701101*4*54.00*0.00*0.00*15*PCN636484031*11*1~
CAS*CO*29*54.00*1~
NM1*QC*1*Sanchez*Betty****MI*MEM22127373~
NM1*82*1*Kim*Thomas****XX*1000021102~
DTM*232*20251009~
DTM*233*20251009~
SVC*HC:87086:59*54.00*0.00**3~
DTM*472*20251009~
CAS*CO*29*54.00*3~
REF*6R*LNCLM070110100~
AMT*B6*0.00~
LQ*HE*N479~
CLP*CLM0701102*1*325.00*197.48*34.62*15*PCN964639985*11*1~
CAS*CO*45*92.90*1~
CAS*PR*1*34.62*1~
NM1*QC*1*Nguyen*Deborah****MI*INS85944597~
NM1*82*1*Kim*Thomas****XX*1000021102~
DTM*232*20250924~
DTM*233*20250925~
SVC*HC:88173:26*150.00*103.72**1~
DTM*472*20250924~
CAS*CO*45*32.73*1~
CAS*PR*1*13.55*1~
REF*6R*LNCLM070110200~
AMT*B6*117.27~
LQ*HE*N479~
SVC*HC:88321:51*175.00*93.76**1~
DTM*472*20250924~
CAS*CO*97*60.17*1~
CAS*PR*1*21.07*1~
REF*6R*LNCLM070110201~
AMT*B6*114.83~
LQ*HE*N362~
CLP*CLM0701103*4*630.00*0.00*0.00*15*PCN436530254*11*1~
CAS*CO*4*630.00*1~
NM1*QC*1*Jackson*Anthony****MI*MEM67133428~
NM1*82*1*Kim*Thomas****XX*1000021102~
DTM*232*20251020~
DTM*233*20251021~
SVC*HC:88342:25*375.00*0.00**3~
DTM*472*20251020~
CAS*CO*4*375.00*3~
REF*6R*LNCLM070110300~
AMT*B6*0.00~
LQ*HE*M15~
SVC*HC:88312:51*255.00*0.00**3~
DTM*472*20251020~
CAS*CO*4*255.00*3~
REF*6R*LNCLM070110301~
AMT*B6*0.00~
LQ*HE*N479~
SE*82*71103~
GE*1*71102~
IEA*1*000071101~