ISA*00*          *00*          *ZZ*99726          *ZZ*1000020702     *251218*2334*^*00501*000070701*0*P*:~
GS*HP*99726*1000020702*20251218*2334*70702*X*005010X221A1~
ST*835*70703*005010X221A1~
BPR*I*0.00*C*ACH*CCP*01*101000019*DA*8901234567*99726**01*101000019*DA*7890123456*20251218~
TRN*1*T000000070700*1164129239~
DTM*405*20251218~
N1*PR*Tricare~
N3*3978 Market St~
N4*Houston*TX*77001~
REF*2U*99726~
N1*PE*Johnson Daniel*XX*1000020702~
N3*5304 Spring Ln~
N4*Houston*TX*77001~
REF*TJ*517138887~
CLP*CLM0700700*4*400.00*0.00*0.00*15*PCN455916048*11*1~
CAS*CO*11*400.00*1~
NM1*QC*1*Harris*Linda****MI*MEM60625224~
NM1*82*1*Johnson*Daniel****XX*1000020702~
DTM*232*20250912~
DTM*233*20250912~
SVC*HC:88307*400.00*0.00**2~
DTM*472*20250912~
CAS*CO*11*400.00*2~
REF*6R*LNCLM070070000~
AMT*B6*0.00~
LQ*HE*N362~
CLP*CLM0700701*4*475.00*0.00*0.00*15*PCN629172647*11*1~
CAS*CO*167*475.00*1~
NM1*QC*1*Young*Ashley****MI*GRP73354227~
NM1*82*1*Johnson*Daniel****XX*1000020702~
DTM*232*20250916~
DTM*233*20250916~
SVC*HC:88304:59*300.00*0.00**3~
DTM*472*20250916~
CAS*CO*167*300.00*3~
REF*6R*LNCLM070070100~
AMT*B6*0.00~
LQ*HE*MA130~
SVC*HC:88321:RT*175.00*0.00**1~
DTM*472*20250916~
CAS*CO*167*175.00*1~
REF*6R*LNCLM070070101~
AMT*B6*0.00~
LQ*HE*N362~
CLP*CLM0700702*4*50.00*0.00*0.00*15*PCN670210041*11*1~
CAS*CO*4*50.00*1~
NM1*QC*1*Garcia*Donald****MI*GRP17708670~
NM1*82*1*Johnson*Daniel****XX*1000020702~
DTM*232*20250824~
DTM*233*20250824~
SVC*HC:80053:77*50.00*0.00**2~
DTM*472*20250824~
CAS*CO*4*50.00*2~
REF*6R*LNCLM070070200~
AMT*B6*0.00~
LQ*HE*N386~
PLB*436262872*20251231*WO*-195.66~
SE*56*70703~
GE*1*70702~
IEA*1*000070701~