ISA*00*          *00*          *ZZ*87726          *ZZ*1000020002     *260207*2334*^*00501*000070001*0*P*:~
GS*HP*87726*1000020002*20260207*2334*70002*X*005010X221A1~
ST*835*70003*005010X221A1~
BPR*I*0.00*C*ACH*CCP*01*071000013*DA*1234567890*87726**01*111000025*DA*8901234567*20260207~
TRN*1*T000000070000*1541221730~
DTM*405*20260207~
N1*PR*UnitedHealthcare~
N3*497 Washington Ave~
N4*Nashville*TN*37201~
REF*2U*87726~
N1*PE*Young Laura*XX*1000020002~
N3*2650 Valley View Dr~
N4*Dallas*TX*75201~
REF*TJ*738544757~
CLP*CLM0700000*4*300.00*0.00*0.00*12*PCN906751283*11*1~
CAS*CO*16*300.00*1~
NM1*QC*1*Torres*Robert****MI*INS35132335~
NM1*82*1*Young*Laura****XX*1000020002~
DTM*232*20251229~
DTM*233*20251230~
SVC*HC:88341:51*200.00*0.00**2~
DTM*472*20251229~
CAS*CO*16*200.00*2~
REF*6R*LNCLM070000000~
AMT*B6*0.00~
LQ*HE*M15~
SVC*HC:88304:TC*100.00*0.00**1~
DTM*472*20251229~
CAS*CO*16*100.00*1~
REF*6R*LNCLM070000001~
AMT*B6*0.00~
LQ*HE*N362~
CLP*CLM0700001*4*425.00*0.00*0.00*12*PCN710206512*11*1~
CAS*CO*16*425.00*1~
NM1*QC*1*Smith*Deborah****MI*INS50211442~
NM1*82*1*Young*Laura****XX*1000020002~
DTM*232*20260102~
DTM*233*20260103~
SVC*HC:88342:25*125.00*0.00**1~
DTM*472*20260102~
CAS*CO*16*125.00*1~
REF*6R*LNCLM070000100~
AMT*B6*0.00~
LQ*HE*N362~
SVC*HC:88341:50*300.00*0.00**3~
DTM*472*20260102~
CAS*CO*16*300.00*3~
REF*6R*LNCLM070000101~
AMT*B6*0.00~
LQ*HE*MA130~
SE*49*70003~
GE*1*70002~
IEA*1*000070001~