ISA*00*          *00*          *ZZ*60054          *ZZ*1000020602     *251222*2334*^*00501*000070601*0*P*:~
GS*HP*60054*1000020602*20251222*2334*70602*X*005010X221A1~
ST*835*70603*005010X221A1~
BPR*I*458.85*C*ACH*CCP*01*021000021*DA*3456789012*60054**01*026009593*DA*7890123456*20251222~
TRN*1*T000000070600*1729388197~
DTM*405*20251222~
N1*PR*Aetna~
N3*8087 Forest Dr~
N4*Indianapolis*IN*46201~
REF*2U*60054~
N1*PE*Patel Rebecca*XX*1000020602~
N3*3258 Elm Blvd~
N4*Charlotte*NC*28201~
REF*TJ*557698988~
CLP*CLM0700600*1*270.00*145.72*39.84*12*PCN485149018*11*1~
CAS*CO*97*84.44*1~
CAS*PR*1*39.84*1~
NM1*QC*1*Lee*Emily****MI*PLN25735285~
NM1*82*1*Patel*Rebecca****XX*1000020602~
DTM*232*20260208~
DTM*233*20260209~
SVC*HC:88112*120.00*76.21**2~
DTM*472*20260208~
CAS*CO*97*29.24*2~
CAS*PR*1*14.55*2~
REF*6R*LNCLM070060000~
AMT*B6*90.76~
LQ*HE*MA130~
SVC*HC:88302:51*150.00*69.51**2~
DTM*472*20260208~
CAS*CO*45*55.20*2~
CAS*PR*2*25.29*2~
REF*6R*LNCLM070060001~
AMT*B6*94.80~
LQ*HE*N95~
CLP*CLM0700601*1*200.00*117.63*30.43*12*PCN167256751*11*1~
CAS*CO*97*51.94*1~
CAS*PR*2*30.43*1~
NM1*QC*1*Garcia*Richard****MI*MEM75151633~
NM1*82*1*Patel*Rebecca****XX*1000020602~
DTM*232*20260128~
DTM*233*20260129~
SVC*HC:88313:59*200.00*117.63**2~
DTM*472*20260128~
CAS*CO*45*51.94*2~
CAS*PR*1*30.43*2~
REF*6R*LNCLM070060100~
AMT*B6*148.06~
LQ*HE*N95~
CLP*CLM0700602*1*350.00*195.50*38.10*12*PCN965581020*11*1~
CAS*CO*97*116.40*1~
CAS*PR*1*38.10*1~
NM1*QC*1*Brown*Mary****MI*MEM39468201~
NM1*82*1*Patel*Rebecca****XX*1000020602~
DTM*232*20250824~
DTM*233*20250824~
SVC*HC:88321:77*350.00*195.50**2~
DTM*472*20250824~
CAS*CO*45*116.40*2~
CAS*PR*2*38.10*2~
REF*6R*LNCLM070060200~
AMT*B6*233.60~
LQ*HE*N479~
SE*62*70603~
GE*1*70602~
IEA*1*000070601~