ISA*00*          *00*          *ZZ*91051          *ZZ*1000020102     *251201*2334*^*00501*000070101*0*P*:~
GS*HP*91051*1000020102*20251201*2334*70102*X*005010X221A1~
ST*835*70103*005010X221A1~
BPR*I*0.00*C*ACH*CCP*01*111000025*DA*4567890123*91051**01*111000025*DA*2345678901*20251201~
TRN*1*T000000070100*1900040012~
DTM*405*20251201~
N1*PR*Kaiser Permanente~
N3*723 Park Dr~
N4*Chicago*IL*60601~
REF*2U*91051~
N1*PE*Williams Sarah*XX*1000020102~
N3*4799 Sunset Blvd~
N4*Denver*CO*80201~
REF*TJ*269607939~
CLP*CLM0700100*4*115.00*0.00*0.00*13*PCN951942443*11*1~
CAS*CO*197*115.00*1~
NM1*QC*1*Jackson*Daniel****MI*PLN96126220~
NM1*82*1*Williams*Sarah****XX*1000020102~
DTM*232*20251015~
DTM*233*20251015~
SVC*HC:85025:26*30.00*0.00**2~
DTM*472*20251015~
CAS*CO*197*30.00*2~
REF*6R*LNCLM070010000~
AMT*B6*0.00~
LQ*HE*M15~
SVC*HC:88312:77*85.00*0.00**1~
DTM*472*20251015~
CAS*CO*197*85.00*1~
REF*6R*LNCLM070010001~
AMT*B6*0.00~
LQ*HE*N95~
CLP*CLM0700101*4*255.00*0.00*0.00*13*PCN936308122*11*1~
CAS*CO*197*255.00*1~
NM1*QC*1*King*Brian****MI*PLN61608876~
NM1*82*1*Williams*Sarah****XX*1000020102~
DTM*232*20251220~
DTM*233*20251221~
SVC*HC:88302:77*225.00*0.00**3~
DTM*472*20251220~
CAS*CO*197*225.00*3~
REF*6R*LNCLM070010100~
AMT*B6*0.00~
LQ*HE*N362~
SVC*HC:85025:59*30.00*0.00**2~
DTM*472*20251220~
CAS*CO*197*30.00*2~
REF*6R*LNCLM070010101~
AMT*B6*0.00~
LQ*HE*M15~
CLP*CLM0700102*4*45.00*0.00*0.00*13*PCN941879564*11*1~
CAS*CO*197*45.00*1~
NM1*QC*1*Torres*Lisa****MI*GRP87863055~
NM1*82*1*Williams*Sarah****XX*1000020102~
DTM*232*20251214~
DTM*233*20251214~
SVC*HC:85025:25*45.00*0.00**3~
DTM*472*20251214~
CAS*CO*197*45.00*3~
REF*6R*LNCLM070010200~
AMT*B6*0.00~
LQ*HE*N479~
PLB*502241312*20251231*FB*-111.88~
SE*62*70103~
GE*1*70102~
IEA*1*000070101~