ISA*00*          *00*          *ZZ*MDCD           *ZZ*1000020302     *251222*2334*^*00501*000070301*0*P*:~
GS*HP*MDCD*1000020302*20251222*2334*70302*X*005010X221A1~
ST*835*70303*005010X221A1~
BPR*I*0.00*C*ACH*CCP*01*071000013*DA*9012345678*MDCD**01*021000021*DA*0123456789*20251222~
TRN*1*T000000070300*1592097103~
DTM*405*20251222~
N1*PR*Medicaid~
N3*4153 Lake Rd~
N4*Columbus*OH*43085~
REF*2U*MDCD~
N1*PE*Williams Patricia*XX*1000020302~
N3*611 Spring Ln~
N4*San Antonio*TX*78201~
REF*TJ*321926488~
CLP*CLM0700300*4*150.00*0.00*0.00*MC*PCN133549296*11*1~
CAS*CO*29*150.00*1~
NM1*QC*1*Thomas*Lisa****MI*MEM19303324~
NM1*82*1*Williams*Patricia****XX*1000020302~
DTM*232*20260120~
DTM*233*20260121~
SVC*HC:88302:77*150.00*0.00**2~
DTM*472*20260120~
CAS*CO*29*150.00*2~
REF*6R*LNCLM070030000~
AMT*B6*0.00~
LQ*HE*N362~
CLP*CLM0700301*4*150.00*0.00*0.00*MC*PCN766265963*11*1~
CAS*CO*27*150.00*1~
NM1*QC*1*Smith*Kimberly****MI*GRP46480560~
NM1*82*1*Williams*Patricia****XX*1000020302~
DTM*232*20251027~
DTM*233*20251027~
SVC*HC:88302:77*150.00*0.00**2~
DTM*472*20251027~
CAS*CO*27*150.00*2~
REF*6R*LNCLM070030100~
AMT*B6*0.00~
LQ*HE*N95~
CLP*CLM0700302*4*350.00*0.00*0.00*MC*PCN522770225*11*1~
CAS*CO*96*350.00*1~
NM1*QC*1*Anderson*Brian****MI*PLN14463347~
NM1*82*1*Williams*Patricia****XX*1000020302~
DTM*232*20251018~
DTM*233*20251018~
SVC*HC:88321:26*350.00*0.00**2~
DTM*472*20251018~
CAS*CO*96*350.00*2~
REF*6R*LNCLM070030200~
AMT*B6*0.00~
LQ*HE*N362~
PLB*182363030*20251231*WO*-352.82~
SE*50*70303~
GE*1*70302~
IEA*1*000070301~