ISA*00*          *00*          *ZZ*99726          *ZZ*1000020802     *251213*2334*^*00501*000070801*0*P*:~
GS*HP*99726*1000020802*20251213*2334*70802*X*005010X221A1~
ST*835*70803*005010X221A1~
BPR*I*0.00*C*ACH*CCP*01*021000021*DA*7890123456*99726**01*111000025*DA*4567890123*20251213~
TRN*1*T000000070800*1698048984~
DTM*405*20251213~
N1*PR*Tricare~
N3*3978 Market St~
N4*Houston*TX*77001~
REF*2U*99726~
N1*PE*Smith Patricia*XX*1000020802~
N3*4636 Elm Blvd~
N4*Chicago*IL*60601~
REF*TJ*173506994~
CLP*CLM0700800*4*250.00*0.00*0.00*15*PCN281256829*11*1~
CAS*CO*167*250.00*1~
NM1*QC*1*Scott*Daniel****MI*INS36105436~
NM1*82*1*Smith*Patricia****XX*1000020802~
DTM*232*20250824~
DTM*233*20250824~
SVC*HC:88342:LT*250.00*0.00**2~
DTM*472*20250824~
CAS*CO*167*250.00*2~
REF*6R*LNCLM070080000~
AMT*B6*0.00~
LQ*HE*N479~
CLP*CLM0700801*4*30.00*0.00*0.00*15*PCN616104653*11*1~
CAS*CO*4*30.00*1~
NM1*QC*1*King*Anthony****MI*INS12310241~
NM1*82*1*Smith*Patricia****XX*1000020802~
DTM*232*20260202~
DTM*233*20260203~
SVC*HC:85025:76*30.00*0.00**2~
DTM*472*20260202~
CAS*CO*4*30.00*2~
REF*6R*LNCLM070080100~
AMT*B6*0.00~
LQ*HE*N479~
CLP*CLM0700802*4*200.00*0.00*0.00*15*PCN674206965*11*1~
CAS*CO*11*200.00*1~
NM1*QC*1*King*Susan****MI*INS98735943~
NM1*82*1*Smith*Patricia****XX*1000020802~
DTM*232*20251010~
DTM*233*20251010~
SVC*HC:88307:26*200.00*0.00**1~
DTM*472*20251010~
CAS*CO*11*200.00*1~
REF*6R*LNCLM070080200~
AMT*B6*0.00~
LQ*HE*N386~
SE*49*70803~
GE*1*70802~
IEA*1*000070801~