ISA*00*          *00*          *ZZ*99726          *ZZ*1000020502     *260102*2334*^*00501*000070501*0*P*:~
GS*HP*99726*1000020502*20260102*2334*70502*X*005010X221A1~
ST*835*70503*005010X221A1~
BPR*I*198.08*C*ACH*CCP*01*026009593*DA*9012345678*99726**01*074000078*DA*4567890123*20260102~
TRN*1*T000000070500*1693804019~
DTM*405*20260102~
N1*PR*Tricare~
N3*3978 Market St~
N4*Houston*TX*77001~
REF*2U*99726~
N1*PE*Nguyen Karen*XX*1000020502~
N3*4240 Meadow Ln~
N4*Phoenix*AZ*85001~
REF*TJ*788911298~
CLP*CLM0700500*1*200.00*101.43*35.11*15*PCN371380116*11*1~
CAS*CO*97*63.46*1~
CAS*PR*2*35.11*1~
NM1*QC*1*Anderson*Donna****MI*PLN68391926~
NM1*82*1*Nguyen*Karen****XX*1000020502~
DTM*232*20260116~
DTM*233*20260116~
SVC*HC:88304:LT*200.00*101.43**2~
DTM*472*20260116~
CAS*CO*97*63.46*2~
CAS*PR*2*35.11*2~
REF*6R*LNCLM070050000~
AMT*B6*136.54~
LQ*HE*MA130~
CLP*CLM0700501*1*50.00*33.49*4.48*15*PCN826175974*11*1~
CAS*CO*97*12.03*1~
CAS*PR*3*4.48*1~
NM1*QC*1*King*George****MI*PLN64938459~
NM1*82*1*Nguyen*Karen****XX*1000020502~
DTM*232*20260131~
DTM*233*20260131~
SVC*HC:80053:LT*50.00*33.49**2~
DTM*472*20260131~
CAS*CO*45*12.03*2~
CAS*PR*2*4.48*2~
REF*6R*LNCLM070050100~
AMT*B6*37.97~
LQ*HE*MA130~
CLP*CLM0700502*1*125.00*63.16*16.41*15*PCN791660014*11*1~
CAS*CO*97*45.43*1~
CAS*PR*1*16.41*1~
NM1*QC*1*Hall*Melissa****MI*GRP21858600~
NM1*82*1*Nguyen*Karen****XX*1000020502~
DTM*232*20251227~
DTM*233*20251228~
SVC*HC:88305:59*125.00*63.16**1~
DTM*472*20251227~
CAS*CO*97*45.43*1~
CAS*PR*3*16.41*1~
REF*6R*LNCLM070050200~
AMT*B6*79.57~
LQ*HE*N362~
SE*55*70503~
GE*1*70502~
IEA*1*000070501~