ISA*00*          *00*          *ZZ*60054          *ZZ*1000020202     *251124*2334*^*00501*000070201*0*P*:~
GS*HP*60054*1000020202*20251124*2334*70202*X*005010X221A1~
ST*835*70203*005010X221A1~
BPR*I*0.00*C*ACH*CCP*01*111000025*DA*5678901234*60054**01*111000025*DA*8901234567*20251124~
TRN*1*T000000070200*1851815135~
DTM*405*20251124~
N1*PR*Aetna~
N3*8087 Forest Dr~
N4*Indianapolis*IN*46201~
REF*2U*60054~
N1*PE*Johnson Patricia*XX*1000020202~
N3*657 Park Dr~
N4*Portland*OR*97201~
REF*TJ*297893221~
CLP*CLM0700200*4*150.00*0.00*0.00*12*PCN262460743*11*1~
CAS*CO*50*150.00*1~
NM1*QC*1*Martinez*Ryan****MI*PLN85776425~
NM1*82*1*Johnson*Patricia****XX*1000020202~
DTM*232*20250830~
DTM*233*20250831~
SVC*HC:88302:51*150.00*0.00**2~
DTM*472*20250830~
CAS*CO*50*150.00*2~
REF*6R*LNCLM070020000~
AMT*B6*0.00~
LQ*HE*M15~
CLP*CLM0700201*4*100.00*0.00*0.00*12*PCN223360495*11*1~
CAS*CO*50*100.00*1~
NM1*QC*1*Scott*Cynthia****MI*INS81993731~
NM1*82*1*Johnson*Patricia****XX*1000020202~
DTM*232*20251124~
DTM*233*20251125~
SVC*HC:88313:77*100.00*0.00**1~
DTM*472*20251124~
CAS*CO*50*100.00*1~
REF*6R*LNCLM070020100~
AMT*B6*0.00~
LQ*HE*N362~
CLP*CLM0700202*4*54.00*0.00*0.00*12*PCN826325746*11*1~
CAS*CO*50*54.00*1~
NM1*QC*1*Taylor*Joseph****MI*INS99971029~
NM1*82*1*Johnson*Patricia****XX*1000020202~
DTM*232*20251128~
DTM*233*20251129~
SVC*HC:87086:26*54.00*0.00**3~
DTM*472*20251128~
CAS*CO*50*54.00*3~
REF*6R*LNCLM070020200~
AMT*B6*0.00~
LQ*HE*N386~
SE*49*70203~
GE*1*70202~
IEA*1*000070201~