ISA*00*          *00*          *ZZ*60054          *ZZ*1000021002     *260124*2334*^*00501*000071001*0*P*:~
GS*HP*60054*1000021002*20260124*2334*71002*X*005010X221A1~
ST*835*71003*005010X221A1~
BPR*I*0.00*C*ACH*CCP*01*021202337*DA*5678901234*60054**01*091000019*DA*6789012345*20260124~
TRN*1*T000000071000*1914164801~
DTM*405*20260124~
N1*PR*Aetna~
N3*8087 Forest Dr~
N4*Indianapolis*IN*46201~
REF*2U*60054~
N1*PE*Scott Angela*XX*1000021002~
N3*207 Valley View Dr~
N4*Columbus*OH*43085~
REF*TJ*465680444~
CLP*CLM0701000*4*425.00*0.00*0.00*12*PCN405798974*11*1~
CAS*OA*109*425.00*1~
NM1*QC*1*Lee*Richard****MI*INS39773683~
NM1*82*1*Scott*Angela****XX*1000021002~
DTM*232*20260110~
DTM*233*20260111~
SVC*HC:88302:59*75.00*0.00**1~
DTM*472*20260110~
CAS*OA*109*75.00*1~
REF*6R*LNCLM070100000~
AMT*B6*0.00~
LQ*HE*N479~
SVC*HC:88360:RT*350.00*0.00**2~
DTM*472*20260110~
CAS*OA*109*350.00*2~
REF*6R*LNCLM070100001~
AMT*B6*0.00~
LQ*HE*N362~
CLP*CLM0701001*4*561.00*0.00*0.00*12*PCN577308535*11*1~
CAS*OA*31*561.00*1~
NM1*QC*1*Wilson*Christopher****MI*GRP46957448~
NM1*82*1*Scott*Angela****XX*1000021002~
DTM*232*20260106~
DTM*233*20260106~
SVC*HC:87086:LT*36.00*0.00**2~
DTM*472*20260106~
CAS*OA*31*36.00*2~
REF*6R*LNCLM070100100~
AMT*B6*0.00~
LQ*HE*N386~
SVC*HC:88360:RT*525.00*0.00**3~
DTM*472*20260106~
CAS*OA*31*525.00*3~
REF*6R*LNCLM070100101~
AMT*B6*0.00~
LQ*HE*N479~
CLP*CLM0701002*4*500.00*0.00*0.00*12*PCN783549458*11*1~
CAS*PI*185*500.00*1~
NM1*QC*1*Johnson*Andrew****MI*GRP12914840~
NM1*82*1*Scott*Angela****XX*1000021002~
DTM*232*20251219~
DTM*233*20251219~
SVC*HC:88304:50*300.00*0.00**3~
DTM*472*20251219~
CAS*PI*185*300.00*3~
REF*6R*LNCLM070100200~
AMT*B6*0.00~
LQ*HE*N362~
SVC*HC:88307:76*200.00*0.00**1~
DTM*472*20251219~
CAS*PI*185*200.00*1~
REF*6R*LNCLM070100201~
AMT*B6*0.00~
LQ*HE*N479~
PLB*667550953*20261231*WO*-242.54~
SE*68*71003~
GE*1*71002~
IEA*1*000071001~