ISA*00*          *00*          *ZZ*62308          *ZZ*1000030102     *20260126*2335*^*00501*003000001*0*P*:~
GS*HP*62308*1000030102*20260126*2335*30001*X*005010X221A1~
ST*835*00030001~
BPR*H*0.00*C*NON************20260126~
TRN*1*TRC030013765*162308~
DTM*405*20260126~
N1*PR*Cigna*XV*62308~
N3*PO Box 56905~
N4*Charlotte*NC*28201~
N1*PE*Thomas Chen, MD*XX*1000030102~
N3*1055 Meadow Ln~
N4*Austin*TX*73301~
REF*TJ*501633047~
CLP*CLM0300100*4*1800.00*0.00*0.00*PPO*PYR0300100537~
CAS*CO*27*1800.00~
NM1*QC*1*Allen*Christopher****MI*INS94042032~
NM1*82*1*Chen*Thomas****XX*1000030102~
DTM*232*20250910~
DTM*233*20250910~
SVC*HC:27447*1800.00*0.00**3~
CAS*CO*27*1800.00~
DTM*472*20250910~
REF*6R*LNCLM03001004909~
AMT*B6*0.00~
LQ*HE*N362~
CLP*CLM0300101*4*650.00*0.00*0.00*PPO*PYR0300101862~
CAS*OA*22*650.00~
NM1*QC*1*Baker*Emily****MI*INS64358617~
NM1*82*1*Chen*Thomas****XX*1000030102~
DTM*232*20250904~
DTM*233*20250904~
SVC*HC:20680*650.00*0.00**3~
CAS*OA*22*650.00~
DTM*472*20250904~
REF*6R*LNCLM03001015726~
AMT*B6*0.00~
LQ*HE*N362~
SE*36*00030001~
GE*1*30001~
IEA*1*003000001~