ISA*00*          *00*          *ZZ*62308          *ZZ*1000042202     *20260209*2335*^*00501*003000012*0*P*:~
GS*HP*62308*1000042202*20260209*2335*30012*X*005010X221A1~
ST*835*00030012~
BPR*H*674.73*C*NON************20260209~
TRN*1*TRC030126089*162308~
DTM*405*20260209~
N1*PR*Cigna*XV*62308~
N3*PO Box 53390~
N4*Houston*TX*77001~
N1*PE*Jennifer Martinez, MD PhD*XX*1000042202~
N3*7992 Main St~
N4*Portland*OR*97201~
REF*TJ*970894528~
CLP*CLM0301200*4*42.00*0.00*0.00*PPO*PYR0301200414~
CAS*PI*97*42.00~
NM1*QC*1*Baker*Elizabeth****MI*MEM40831616~
NM1*82*1*Martinez*Jennifer****XX*1000042202~
DTM*232*20251121~
DTM*233*20251122~
SVC*HC:97110*42.00*0.00**1~
CAS*PI*97*42.00~
DTM*472*20251121~
REF*6R*LNCLM03012007245~
AMT*B6*0.00~
LQ*HE*N479~
CLP*CLM0301201*2*1100.00*249.20*199.62*PPO*PYR0301201949~
CAS*CO*4*651.18~
CAS*PR*2*199.62~
NM1*QC*1*Williams*Rebecca****MI*GRP86225888~
NM1*82*1*Martinez*Jennifer****XX*1000042202~
DTM*232*20250826~
DTM*233*20250826~
SVC*HC:29826*1100.00*249.20**2~
CAS*CO*4*651.18~
CAS*PR*2*199.62~
DTM*472*20250826~
REF*6R*LNCLM03012016794~
AMT*B6*448.82~
LQ*HE*MA04~
CLP*CLM0301202*2*42.00*17.93*4.32*PPO*PYR0301202733~
CAS*CO*96*19.75~
CAS*PR*2*4.32~
NM1*QC*1*Robinson*Elizabeth****MI*GRP75255339~
NM1*82*1*Martinez*Jennifer****XX*1000042202~
DTM*232*20251106~
DTM*233*20251106~
SVC*HC:97110*42.00*17.93**2~
CAS*CO*96*19.75~
CAS*PR*2*4.32~
DTM*472*20251106~
REF*6R*LNCLM03012027836~
AMT*B6*22.25~
LQ*HE*N386~
CLP*CLM0301203*4*450.00*0.00*60.58*PPO*PYR0301203623~
CAS*OA*222*389.42~
CAS*PR*2*60.58~
NM1*QC*1*Perez*Steven****MI*MEM12300113~
NM1*82*1*Martinez*Jennifer****XX*1000042202~
DTM*232*20250831~
DTM*233*20250831~
SVC*HC:25600*450.00*0.00**1~
CAS*OA*222*389.42~
CAS*PR*2*60.58~
DTM*472*20250831~
REF*6R*LNCLM03012033079~
AMT*B6*0.00~
LQ*HE*N381~
CLP*CLM0301204*2*750.00*245.67*138.22*PPO*PYR0301204792~
CAS*OA*109*366.11~
CAS*PR*1*138.22~
NM1*QC*1*Miller*Laura****MI*PLN62998141~
NM1*82*1*Martinez*Jennifer****XX*1000042202~
DTM*232*20250925~
DTM*233*20250926~
SVC*HC:27786*750.00*245.67**1~
CAS*OA*109*366.11~
CAS*PR*1*138.22~
DTM*472*20250925~
REF*6R*LNCLM03012042894~
AMT*B6*383.89~
LQ*HE*N479~
CLP*CLM0301205*2*450.00*161.93*88.96*PPO*PYR0301205601~
CAS*CO*50*199.11~
CAS*PR*2*88.96~
NM1*QC*1*Thompson*Jeffrey****MI*INS37069999~
NM1*82*1*Martinez*Jennifer****XX*1000042202~
DTM*232*20251225~
DTM*233*20251226~
SVC*HC:73721*450.00*161.93**1~
CAS*CO*50*199.11~
CAS*PR*2*88.96~
DTM*472*20251225~
REF*6R*LNCLM03012052768~
AMT*B6*250.89~
LQ*HE*MA04~
SE*94*00030012~
GE*1*30012~
IEA*1*003000012~