ISA*00*          *00*          *ZZ*99726          *ZZ*1000030202     *20260203*2335*^*00501*003000002*0*P*:~
GS*HP*99726*1000030202*20260203*2335*30002*X*005010X221A1~
ST*835*00030002~
BPR*H*0.00*C*NON************20260203~
TRN*1*TRC030023001*199726~
DTM*405*20260203~
N1*PR*Tricare*XV*99726~
N3*PO Box 27352~
N4*Austin*TX*73301~
N1*PE*Daniel Young, MD*XX*1000030202~
N3*1020 College Ave~
N4*Austin*TX*73301~
REF*TJ*685011261~
CLP*CLM0300200*4*750.00*0.00*0.00*Government*PYR0300200272~
CAS*OA*31*750.00~
NM1*QC*1*Walker*Anthony****MI*PLN67450112~
NM1*82*1*Young*Daniel****XX*1000030202~
DTM*232*20250917~
DTM*233*20250917~
SVC*HC:27786*750.00*0.00**2~
CAS*OA*31*750.00~
DTM*472*20250917~
REF*6R*LNCLM03002007833~
AMT*B6*0.00~
LQ*HE*N362~
CLP*CLM0300201*4*450.00*0.00*0.00*Government*PYR0300201729~
CAS*CO*22*450.00~
NM1*QC*1*Martinez*Donna****MI*MEM31446134~
NM1*82*1*Young*Daniel****XX*1000030202~
DTM*232*20251207~
DTM*233*20251207~
SVC*HC:25600*450.00*0.00**3~
CAS*CO*22*450.00~
DTM*472*20251207~
REF*6R*LNCLM03002012795~
AMT*B6*0.00~
LQ*HE*N362~
SE*36*00030002~
GE*1*30002~
IEA*1*003000002~