ISA*00*          *00*          *ZZ*99726          *ZZ*1000036802     *20260108*2335*^*00501*003000008*0*P*:~
GS*HP*99726*1000036802*20260108*2335*30008*X*005010X221A1~
ST*835*00030008~
BPR*H*0.00*C*NON************20260108~
TRN*1*TRC030088481*199726~
DTM*405*20260108~
N1*PR*Tricare*XV*99726~
N3*PO Box 96963~
N4*Indianapolis*IN*46201~
N1*PE*Robert Martinez, DO*XX*1000036802~
N3*7583 Maple Dr~
N4*Portland*OR*97201~
REF*TJ*946104690~
CLP*CLM0300800*4*425.00*0.00*0.00*Government*PYR0300800207~
CAS*CO*50*425.00~
NM1*QC*1*Smith*Sharon****MI*INS38343676~
NM1*82*1*Martinez*Robert****XX*1000036802~
DTM*232*20251201~
DTM*233*20251201~
SVC*HC:73221*425.00*0.00**1~
CAS*CO*50*425.00~
DTM*472*20251201~
REF*6R*LNCLM03008007954~
AMT*B6*0.00~
LQ*HE*MA130~
CLP*CLM0300801*4*425.00*0.00*0.00*Government*PYR0300801150~
CAS*CO*50*425.00~
NM1*QC*1*Scott*Jennifer****MI*MEM33553924~
NM1*82*1*Martinez*Robert****XX*1000036802~
DTM*232*20251117~
DTM*233*20251117~
SVC*HC:73221*425.00*0.00**1~
CAS*CO*50*425.00~
DTM*472*20251117~
REF*6R*LNCLM03008011282~
AMT*B6*0.00~
LQ*HE*MA130~
SE*36*00030008~
GE*1*30008~
IEA*1*003000008~