ISA*00*          *00*          *ZZ*ANTM1          *ZZ*1000042102     *20251130*2335*^*00501*003000011*0*P*:~
GS*HP*ANTM1*1000042102*20251130*2335*30011*X*005010X221A1~
ST*835*00030011~
BPR*H*265.31*C*NON************20251130~
TRN*1*TRC030119843*1ANTM1~
DTM*405*20251130~
N1*PR*Anthem*XV*ANTM1~
N3*PO Box 51306~
N4*Fort Worth*TX*76101~
N1*PE*Rebecca Brown, DO*XX*1000042102~
N3*4113 Highland Ave~
N4*Dallas*TX*75201~
REF*TJ*438010016~
CLP*CLM0301100*2*1100.00*250.36*74.93*PPO*PYR0301100173~
CAS*OA*11*774.71~
CAS*PR*1*74.93~
NM1*QC*1*Young*Jacob****MI*MEM10001211~
NM1*82*1*Brown*Rebecca****XX*1000042102~
DTM*232*20260119~
DTM*233*20260119~
SVC*HC:29826*1100.00*250.36**1~
CAS*OA*11*774.71~
CAS*PR*1*74.93~
DTM*472*20260119~
REF*6R*LNCLM03011002700~
AMT*B6*325.29~
LQ*HE*N381~
CLP*CLM0301101*4*125.00*0.00*0.00*PPO*PYR0301101910~
CAS*CO*31*125.00~
NM1*QC*1*Rodriguez*Jacob****MI*PLN28142185~
NM1*82*1*Brown*Rebecca****XX*1000042102~
DTM*232*20251106~
DTM*233*20251106~
SVC*HC:20610*125.00*0.00**1~
CAS*CO*31*125.00~
DTM*472*20251106~
REF*6R*LNCLM03011011811~
AMT*B6*0.00~
LQ*HE*N362~
CLP*CLM0301102*2*42.00*14.95*3.02*PPO*PYR0301102944~
CAS*CO*96*24.03~
CAS*PR*3*3.02~
NM1*QC*1*Sanchez*Cynthia****MI*MEM47792268~
NM1*82*1*Brown*Rebecca****XX*1000042102~
DTM*232*20250911~
DTM*233*20250911~
SVC*HC:97140*42.00*14.95**1~
CAS*CO*96*24.03~
CAS*PR*3*3.02~
DTM*472*20250911~
REF*6R*LNCLM03011023336~
AMT*B6*17.97~
LQ*HE*MA130~
CLP*CLM0301103*4*1800.00*0.00*0.00*PPO*PYR0301103210~
CAS*PI*96*1800.00~
NM1*QC*1*Rodriguez*Amanda****MI*MEM85240610~
NM1*82*1*Brown*Rebecca****XX*1000042102~
DTM*232*20251105~
DTM*233*20251105~
SVC*HC:27447*1800.00*0.00**2~
CAS*PI*96*1800.00~
DTM*472*20251105~
REF*6R*LNCLM03011039577~
AMT*B6*0.00~
LQ*HE*N381~
CLP*CLM0301104*4*42.00*0.00*0.00*PPO*PYR0301104696~
CAS*PI*11*42.00~
NM1*QC*1*Torres*Michael****MI*GRP10375838~
NM1*82*1*Brown*Rebecca****XX*1000042102~
DTM*232*20250929~
DTM*233*20250929~
SVC*HC:97110*42.00*0.00**1~
CAS*PI*11*42.00~
DTM*472*20250929~
REF*6R*LNCLM03011049860~
AMT*B6*0.00~
LQ*HE*N95~
SE*76*00030011~
GE*1*30011~
IEA*1*003000011~