ISA*00*          *00*          *ZZ*BCBS1          *ZZ*1000033602     *20260211*2335*^*00501*003000006*0*P*:~
GS*HP*BCBS1*1000033602*20260211*2335*30006*X*005010X221A1~
ST*835*00030006~
BPR*H*0.00*C*NON************20260211~
TRN*1*TRC030065681*1BCBS1~
DTM*405*20260211~
N1*PR*Blue Cross Blue Shield*XV*BCBS1~
N3*PO Box 44867~
N4*Austin*TX*73301~
N1*PE*Daniel Johnson, DO*XX*1000033602~
N3*9594 Forest Dr~
N4*Seattle*WA*98101~
REF*TJ*662715645~
CLP*CLM0300600*4*750.00*0.00*0.00*HMO*PYR0300600981~
CAS*CO*167*750.00~
NM1*QC*1*Wilson*Amanda****MI*GRP25375244~
NM1*82*1*Johnson*Daniel****XX*1000033602~
DTM*232*20251111~
DTM*233*20251112~
SVC*HC:27786*750.00*0.00**2~
CAS*CO*167*750.00~
DTM*472*20251111~
REF*6R*LNCLM03006005643~
AMT*B6*0.00~
LQ*HE*N386~
CLP*CLM0300601*4*650.00*0.00*0.00*HMO*PYR0300601326~
CAS*CO*4*650.00~
NM1*QC*1*Brown*Timothy****MI*INS98741252~
NM1*82*1*Johnson*Daniel****XX*1000033602~
DTM*232*20260107~
DTM*233*20260107~
SVC*HC:20680*650.00*0.00**1~
CAS*CO*4*650.00~
DTM*472*20260107~
REF*6R*LNCLM03006015739~
AMT*B6*0.00~
LQ*HE*N386~
CLP*CLM0300602*4*450.00*0.00*0.00*HMO*PYR0300602930~
CAS*CO*97*450.00~
NM1*QC*1*Nelson*Sandra****MI*INS30451004~
NM1*82*1*Johnson*Daniel****XX*1000033602~
DTM*232*20251218~
DTM*233*20251218~
SVC*HC:73721*450.00*0.00**3~
CAS*CO*97*450.00~
DTM*472*20251218~
REF*6R*LNCLM03006028015~
AMT*B6*0.00~
LQ*HE*N386~
SE*48*00030006~
GE*1*30006~
IEA*1*003000006~