ISA*00*          *00*          *ZZ*61101          *ZZ*1000030302     *20251124*2335*^*00501*003000003*0*P*:~
GS*HP*61101*1000030302*20251124*2335*30003*X*005010X221A1~
ST*835*00030003~
BPR*H*0.00*C*NON************20251124~
TRN*1*TRC030039751*161101~
DTM*405*20251124~
N1*PR*Humana*XV*61101~
N3*PO Box 53017~
N4*Denver*CO*80201~
N1*PE*Daniel Hall, DO*XX*1000030302~
N3*3934 Spring Ln~
N4*Portland*OR*97201~
REF*TJ*944901580~
CLP*CLM0300300*4*650.00*0.00*0.00*HMO*PYR0300300217~
CAS*OA*27*650.00~
NM1*QC*1*Robinson*Ronald****MI*INS10275919~
NM1*82*1*Hall*Daniel****XX*1000030302~
DTM*232*20251109~
DTM*233*20251109~
SVC*HC:20680*650.00*0.00**1~
CAS*OA*27*650.00~
DTM*472*20251109~
REF*6R*LNCLM03003005665~
AMT*B6*0.00~
LQ*HE*N362~
CLP*CLM0300301*4*95.00*0.00*0.00*HMO*PYR0300301425~
CAS*CO*31*95.00~
NM1*QC*1*Clark*Patricia****MI*GRP30146781~
NM1*82*1*Hall*Daniel****XX*1000030302~
DTM*232*20250914~
DTM*233*20250914~
SVC*HC:99213*95.00*0.00**2~
CAS*CO*31*95.00~
DTM*472*20250914~
REF*6R*LNCLM03003012489~
AMT*B6*0.00~
LQ*HE*N362~
CLP*CLM0300302*4*42.00*0.00*0.00*HMO*PYR0300302530~
CAS*OA*22*42.00~
NM1*QC*1*Lopez*Kevin****MI*INS68383260~
NM1*82*1*Hall*Daniel****XX*1000030302~
DTM*232*20251225~
DTM*233*20251225~
SVC*HC:97140*42.00*0.00**1~
CAS*OA*22*42.00~
DTM*472*20251225~
REF*6R*LNCLM03003028746~
AMT*B6*0.00~
LQ*HE*N362~
SE*48*00030003~
GE*1*30003~
IEA*1*003000003~