ISA*00*          *00*          *ZZ*87726          *ZZ*1000033402     *20251201*2335*^*00501*003000004*0*P*:~
GS*HP*87726*1000033402*20251201*2335*30004*X*005010X221A1~
ST*835*00030004~
BPR*H*0.00*C*NON************20251201~
TRN*1*TRC030049067*187726~
DTM*405*20251201~
N1*PR*UnitedHealthcare*XV*87726~
N3*PO Box 82294~
N4*Chicago*IL*60601~
N1*PE*Maria Lewis, DO*XX*1000033402~
N3*4092 Highland Ave~
N4*Dallas*TX*75201~
REF*TJ*838846719~
CLP*CLM0300400*4*2000.00*0.00*0.00*PPO*PYR0300400164~
CAS*CO*97*2000.00~
NM1*QC*1*Hill*Nancy****MI*PLN77915440~
NM1*82*1*Lewis*Maria****XX*1000033402~
DTM*232*20260112~
DTM*233*20260112~
SVC*HC:27130*2000.00*0.00**1~
CAS*CO*97*2000.00~
DTM*472*20260112~
REF*6R*LNCLM03004005854~
AMT*B6*0.00~
LQ*HE*N386~
CLP*CLM0300401*4*1800.00*0.00*0.00*PPO*PYR0300401602~
CAS*CO*97*1800.00~
NM1*QC*1*Nguyen*Patricia****MI*MEM25348591~
NM1*82*1*Lewis*Maria****XX*1000033402~
DTM*232*20250906~
DTM*233*20250906~
SVC*HC:27447*1800.00*0.00**2~
CAS*CO*97*1800.00~
DTM*472*20250906~
REF*6R*LNCLM03004012440~
AMT*B6*0.00~
LQ*HE*N386~
CLP*CLM0300402*4*650.00*0.00*0.00*PPO*PYR0300402961~
CAS*CO*97*650.00~
NM1*QC*1*Anderson*Matthew****MI*INS32413740~
NM1*82*1*Lewis*Maria****XX*1000033402~
DTM*232*20260101~
DTM*233*20260101~
SVC*HC:20680*650.00*0.00**3~
CAS*CO*97*650.00~
DTM*472*20260101~
REF*6R*LNCLM03004028432~
AMT*B6*0.00~
LQ*HE*N386~
SE*48*00030004~
GE*1*30004~
IEA*1*003000004~