ISA*00*          *00*          *ZZ*CMS            *ZZ*1000038902     *20260121*2335*^*00501*003000009*0*P*:~
GS*HP*CMS*1000038902*20260121*2335*30009*X*005010X221A1~
ST*835*00030009~
BPR*H*0.00*C*NON************20260121~
TRN*1*TRC030097198*1CMS~
DTM*405*20260121~
N1*PR*Medicare Part B*XV*CMS~
N3*PO Box 40553~
N4*Nashville*TN*37201~
N1*PE*Patricia Thompson, MD*XX*1000038902~
N3*8895 Pine St~
N4*San Diego*CA*92101~
REF*TJ*555966817~
CLP*CLM0300900*4*950.00*0.00*0.00*Medicare*PYR0300900250~
CAS*OA*222*950.00~
NM1*QC*1*Jackson*Kimberly****MI*MEM81347083~
NM1*82*1*Thompson*Patricia****XX*1000038902~
DTM*232*20251202~
DTM*233*20251203~
SVC*HC:29881*950.00*0.00**1~
CAS*OA*222*950.00~
DTM*472*20251202~
REF*6R*LNCLM03009006988~
AMT*B6*0.00~
LQ*HE*N381~
CLP*CLM0300901*4*1800.00*0.00*0.00*Medicare*PYR0300901984~
CAS*PI*96*1800.00~
NM1*QC*1*White*Edward****MI*MEM77041726~
NM1*82*1*Thompson*Patricia****XX*1000038902~
DTM*232*20251012~
DTM*233*20251012~
SVC*HC:27447*1800.00*0.00**2~
CAS*PI*96*1800.00~
DTM*472*20251012~
REF*6R*LNCLM03009012387~
AMT*B6*0.00~
LQ*HE*N381~
SE*36*00030009~
GE*1*30009~
IEA*1*003000009~