ISA*00*          *00*          *ZZ*62308          *ZZ*1000039002     *20260115*2335*^*00501*003000010*0*P*:~
GS*HP*62308*1000039002*20260115*2335*30010*X*005010X221A1~
ST*835*00030010~
BPR*H*0.00*C*NON************20260115~
TRN*1*TRC030102524*162308~
DTM*405*20260115~
N1*PR*Cigna*XV*62308~
N3*PO Box 81253~
N4*San Diego*CA*92101~
N1*PE*Daniel Lewis, MD*XX*1000039002~
N3*5527 Market St~
N4*Philadelphia*PA*19101~
REF*TJ*829017965~
CLP*CLM0301000*4*2000.00*0.00*0.00*PPO*PYR0301000467~
CAS*OA*222*2000.00~
NM1*QC*1*Lewis*Jennifer****MI*MEM34858655~
NM1*82*1*Lewis*Daniel****XX*1000039002~
DTM*232*20250907~
DTM*233*20250907~
SVC*HC:27130*2000.00*0.00**3~
CAS*OA*222*2000.00~
DTM*472*20250907~
REF*6R*LNCLM03010007386~
AMT*B6*0.00~
LQ*HE*N381~
CLP*CLM0301001*4*450.00*0.00*0.00*PPO*PYR0301001335~
CAS*PI*222*450.00~
NM1*QC*1*Young*Matthew****MI*MEM82497463~
NM1*82*1*Lewis*Daniel****XX*1000039002~
DTM*232*20251231~
DTM*233*20251231~
SVC*HC:73721*450.00*0.00**1~
CAS*PI*222*450.00~
DTM*472*20251231~
REF*6R*LNCLM03010018975~
AMT*B6*0.00~
LQ*HE*N381~
SE*36*00030010~
GE*1*30010~
IEA*1*003000010~