ISA*00*          *00*          *ZZ*MDCD           *ZZ*1000033502     *20251130*2335*^*00501*003000005*0*P*:~
GS*HP*MDCD*1000033502*20251130*2335*30005*X*005010X221A1~
ST*835*00030005~
BPR*H*0.00*C*NON************20251130~
TRN*1*TRC030057693*1MDCD~
DTM*405*20251130~
N1*PR*Medicaid*XV*MDCD~
N3*PO Box 83663~
N4*Phoenix*AZ*85001~
N1*PE*Daniel Martinez, MD PhD*XX*1000033502~
N3*4128 Valley View Dr~
N4*Dallas*TX*75201~
REF*TJ*938713268~
CLP*CLM0300500*4*42.00*0.00*0.00*Medicaid*PYR0300500507~
CAS*CO*4*42.00~
NM1*QC*1*Torres*Daniel****MI*MEM40436353~
NM1*82*1*Martinez*Daniel****XX*1000033502~
DTM*232*20251220~
DTM*233*20251220~
SVC*HC:97140*42.00*0.00**1~
CAS*CO*4*42.00~
DTM*472*20251220~
REF*6R*LNCLM03005006364~
AMT*B6*0.00~
LQ*HE*N386~
CLP*CLM0300501*4*950.00*0.00*0.00*Medicaid*PYR0300501692~
CAS*CO*97*950.00~
NM1*QC*1*Wilson*Jennifer****MI*MEM40257759~
NM1*82*1*Martinez*Daniel****XX*1000033502~
DTM*232*20250930~
DTM*233*20251001~
SVC*HC:29881*950.00*0.00**2~
CAS*CO*97*950.00~
DTM*472*20250930~
REF*6R*LNCLM03005012725~
AMT*B6*0.00~
LQ*HE*N386~
CLP*CLM0300502*4*1800.00*0.00*0.00*Medicaid*PYR0300502147~
CAS*CO*4*1800.00~
NM1*QC*1*Rivera*Cynthia****MI*MEM62509946~
NM1*82*1*Martinez*Daniel****XX*1000033502~
DTM*232*20251127~
DTM*233*20251127~
SVC*HC:27447*1800.00*0.00**3~
CAS*CO*4*1800.00~
DTM*472*20251127~
REF*6R*LNCLM03005021074~
AMT*B6*0.00~
LQ*HE*N386~
SE*48*00030005~
GE*1*30005~
IEA*1*003000005~