ISA*00*          *00*          *ZZ*60054          *ZZ*1000036702     *20251125*2335*^*00501*003000007*0*P*:~
GS*HP*60054*1000036702*20251125*2335*30007*X*005010X221A1~
ST*835*00030007~
BPR*H*0.00*C*NON************20251125~
TRN*1*TRC030079976*160054~
DTM*405*20251125~
N1*PR*Aetna*XV*60054~
N3*PO Box 24688~
N4*Jacksonville*FL*32099~
N1*PE*Richard Hall, MD FACS*XX*1000036702~
N3*5047 Sunset Blvd~
N4*Austin*TX*73301~
REF*TJ*149324673~
CLP*CLM0300700*4*650.00*0.00*0.00*PPO*PYR0300700960~
CAS*CO*50*650.00~
NM1*QC*1*Flores*Sarah****MI*MEM75270550~
NM1*82*1*Hall*Richard****XX*1000036702~
DTM*232*20251106~
DTM*233*20251106~
SVC*HC:20680*650.00*0.00**3~
CAS*CO*50*650.00~
DTM*472*20251106~
REF*6R*LNCLM03007004615~
AMT*B6*0.00~
LQ*HE*MA130~
CLP*CLM0300701*4*750.00*0.00*0.00*PPO*PYR0300701105~
CAS*CO*50*750.00~
NM1*QC*1*Smith*Sarah****MI*INS63452964~
NM1*82*1*Hall*Richard****XX*1000036702~
DTM*232*20251105~
DTM*233*20251106~
SVC*HC:27786*750.00*0.00**1~
CAS*CO*50*750.00~
DTM*472*20251105~
REF*6R*LNCLM03007019004~
AMT*B6*0.00~
LQ*HE*MA130~
SE*36*00030007~
GE*1*30007~
IEA*1*003000007~