ISA*00*          *00*          *ZZ*CMS            *ZZ*1000040602     *251212*2334*^*00501*000090601*0*P*:~
GS*HP*CMS*1000040602*20251212*2334*90602*X*005010X221A1~
ST*835*90603*005010X221A1~
BPR*I*3094.14*C*ACH*CCP*01*081000032*DA*9012345678*CMS**01*111000025*DA*2345678901*20251212~
TRN*1*T000000090600*1471536840~
DTM*405*20251212~
N1*PR*Medicare Part B~
N3*7173 Hill St~
N4*Columbus*OH*43085~
REF*2U*CMS~
N1*PE*Martinez Michael*XX*1000040602~
N3*1878 Maple Dr~
N4*San Jose*CA*95101~
REF*TJ*694255018~
CLP*CLM0900600*1*4295.00*2382.27*449.29*MA*PCN985082305*11*1~
CAS*CO*97*1463.44*1~
CAS*PR*1*449.29*1~
NM1*QC*1*Nguyen*Michael****MI*GRP87364900~
NM1*82*1*Martinez*Michael****XX*1000040602~
DTM*232*20251029~
DTM*233*20251030~
SVC*HC:99213:76*95.00*60.27**1~
DTM*472*20251029~
CAS*CO*45*20.00*1~
CAS*PR*1*14.73*1~
REF*6R*LNCLM090060000~
AMT*B6*75.00~
LQ*HE*N95~
SVC*HC:59510*4200.00*2322.00**1~
DTM*472*20251029~
CAS*CO*45*1443.44*1~
CAS*PR*1*434.56*1~
REF*6R*LNCLM090060001~
AMT*B6*2756.56~
LQ*HE*MA130~
CLP*CLM0900601*1*125.00*81.04*17.00*MA*PCN562994580*11*1~
CAS*CO*45*26.96*1~
CAS*PR*3*17.00*1~
NM1*QC*1*Wright*Rebecca****MI*PLN92685647~
NM1*82*1*Martinez*Michael****XX*1000040602~
DTM*232*20260129~
DTM*233*20260129~
SVC*HC:59025:77*125.00*81.04**1~
DTM*472*20260129~
CAS*CO*45*26.96*1~
CAS*PR*1*17.00*1~
REF*6R*LNCLM090060100~
AMT*B6*98.04~
LQ*HE*N95~
CLP*CLM0900602*1*1050.00*630.83*185.14*MA*PCN632222515*11*1~
CAS*CO*45*234.03*1~
CAS*PR*1*185.14*1~
NM1*QC*1*Jackson*Rebecca****MI*GRP94919205~
NM1*82*1*Martinez*Michael****XX*1000040602~
DTM*232*20251014~
DTM*233*20251015~
SVC*HC:99384:25*350.00*207.73**2~
DTM*472*20251014~
CAS*CO*97*72.66*2~
CAS*PR*3*69.61*2~
REF*6R*LNCLM090060200~
AMT*B6*277.34~
LQ*HE*MA130~
SVC*HC:76811:59*700.00*423.10**2~
DTM*472*20251014~
CAS*CO*97*161.37*2~
CAS*PR*2*115.53*2~
REF*6R*LNCLM090060201~
AMT*B6*538.63~
LQ*HE*N362~
SE*69*90603~
GE*1*90602~
IEA*1*000090601~