ISA*00*          *00*          *ZZ*BCBS1          *ZZ*1000040302     *260104*2334*^*00501*000090301*0*P*:~
GS*HP*BCBS1*1000040302*20260104*2334*90302*X*005010X221A1~
ST*835*90303*005010X221A1~
BPR*I*0.00*C*ACH*CCP*01*074000078*DA*0123456789*BCBS1**01*026009593*DA*7890123456*20260104~
TRN*1*T000000090300*1147623515~
DTM*405*20260104~
N1*PR*Blue Cross Blue Shield~
N3*5918 College Ave~
N4*San Antonio*TX*78201~
REF*2U*BCBS1~
N1*PE*Chen James*XX*1000040302~
N3*9780 Pine St~
N4*Fort Worth*TX*76101~
REF*TJ*807804249~
CLP*CLM0900300*4*9000.00*0.00*0.00*13*PCN692738028*11*1~
CAS*CO*29*9000.00*1~
NM1*QC*1*Allen*Emily****MI*INS86419611~
NM1*82*1*Chen*James****XX*1000040302~
DTM*232*20250831~
DTM*233*20250831~
SVC*HC:57454:50*600.00*0.00**2~
DTM*472*20250831~
CAS*CO*29*600.00*2~
REF*6R*LNCLM090030000~
AMT*B6*0.00~
LQ*HE*MA130~
SVC*HC:59510:50*8400.00*0.00**2~
DTM*472*20250831~
CAS*CO*29*8400.00*2~
REF*6R*LNCLM090030001~
AMT*B6*0.00~
LQ*HE*N386~
CLP*CLM0900301*4*370.00*0.00*0.00*13*PCN815292685*11*1~
CAS*CO*27*370.00*1~
NM1*QC*1*Garcia*Donna****MI*PLN18071099~
NM1*82*1*Chen*James****XX*1000040302~
DTM*232*20250916~
DTM*233*20250916~
SVC*HC:99213:76*95.00*0.00**1~
DTM*472*20250916~
CAS*CO*27*95.00*1~
REF*6R*LNCLM090030100~
AMT*B6*0.00~
LQ*HE*N95~
SVC*HC:99205:TC*275.00*0.00**1~
DTM*472*20250916~
CAS*CO*27*275.00*1~
REF*6R*LNCLM090030101~
AMT*B6*0.00~
LQ*HE*N479~
SE*49*90303~
GE*1*90302~
IEA*1*000090301~