ISA*00*          *00*          *ZZ*CMS            *ZZ*1000040502     *251210*2334*^*00501*000090501*0*P*:~
GS*HP*CMS*1000040502*20251210*2334*90502*X*005010X221A1~
ST*835*90503*005010X221A1~
BPR*I*3482.48*C*ACH*CCP*01*111000025*DA*6789012345*CMS**01*021202337*DA*2345678901*20251210~
TRN*1*T000000090500*1294243765~
DTM*405*20251210~
N1*PR*Medicare Part B~
N3*7173 Hill St~
N4*Columbus*OH*43085~
REF*2U*CMS~
N1*PE*Brown Christine*XX*1000040502~
N3*7886 Sunset Blvd~
N4*Columbus*OH*43085~
REF*TJ*235531570~
CLP*CLM0900500*1*3535.00*2085.38*771.48*MA*PCN576917772*11*1~
CAS*CO*45*678.14*1~
CAS*PR*1*771.48*1~
NM1*QC*1*Thomas*Linda****MI*INS30534510~
NM1*82*1*Brown*Christine****XX*1000040502~
DTM*232*20250910~
DTM*233*20250910~
SVC*HC:59400:TC*3500.00*2066.61**1~
DTM*472*20250910~
CAS*CO*45*665.46*1~
CAS*PR*2*767.93*1~
REF*6R*LNCLM090050000~
AMT*B6*2834.54~
LQ*HE*M15~
SVC*HC:88175:TC*35.00*18.77**1~
DTM*472*20250910~
CAS*CO*45*12.68*1~
CAS*PR*1*3.55*1~
REF*6R*LNCLM090050001~
AMT*B6*22.32~
LQ*HE*N362~
CLP*CLM0900501*1*800.00*482.48*93.65*MA*PCN413667037*11*1~
CAS*CO*97*223.87*1~
CAS*PR*2*93.65*1~
NM1*QC*1*Jones*Barbara****MI*INS42286383~
NM1*82*1*Brown*Christine****XX*1000040502~
DTM*232*20251109~
DTM*233*20251110~
SVC*HC:76817:25*450.00*232.49**2~
DTM*472*20251109~
CAS*CO*97*151.78*2~
CAS*PR*1*65.73*2~
REF*6R*LNCLM090050100~
AMT*B6*298.22~
LQ*HE*N386~
SVC*HC:99384:25*350.00*249.99**2~
DTM*472*20251109~
CAS*CO*97*72.09*2~
CAS*PR*1*27.92*2~
REF*6R*LNCLM090050101~
AMT*B6*277.91~
LQ*HE*MA130~
CLP*CLM0900502*1*1600.00*914.62*386.95*MA*PCN728375912*11*1~
CAS*CO*45*298.43*1~
CAS*PR*1*386.95*1~
NM1*QC*1*Smith*James****MI*INS34441082~
NM1*82*1*Brown*Christine****XX*1000040502~
DTM*232*20260102~
DTM*233*20260102~
SVC*HC:58558:50*1600.00*914.62**2~
DTM*472*20260102~
CAS*CO*45*298.43*2~
CAS*PR*1*386.95*2~
REF*6R*LNCLM090050200~
AMT*B6*1301.57~
LQ*HE*N362~
PLB*897948313*20251231*L6*-377.80~
SE*70*90503~
GE*1*90502~
IEA*1*000090501~