ISA*00*          *00*          *ZZ*BCBS1          *ZZ*1000040802     *251130*2334*^*00501*000090801*0*P*:~
GS*HP*BCBS1*1000040802*20251130*2334*90802*X*005010X221A1~
ST*835*90803*005010X221A1~
BPR*I*0.00*C*ACH*CCP*01*021000021*DA*4567890123*BCBS1**01*081000032*DA*2345678901*20251130~
TRN*1*T000000090800*1621224988~
DTM*405*20251130~
N1*PR*Blue Cross Blue Shield~
N3*5918 College Ave~
N4*San Antonio*TX*78201~
REF*2U*BCBS1~
N1*PE*Smith Richard*XX*1000040802~
N3*1765 Market St~
N4*New York*NY*10001~
REF*TJ*529969123~
CLP*CLM0900800*4*300.00*0.00*0.00*13*PCN747362674*11*1~
CAS*CO*167*300.00*1~
NM1*QC*1*Sanchez*Patricia****MI*INS49085117~
NM1*82*1*Smith*Richard****XX*1000040802~
DTM*232*20251114~
DTM*233*20251115~
SVC*HC:57454:25*300.00*0.00**1~
DTM*472*20251114~
CAS*CO*167*300.00*1~
REF*6R*LNCLM090080000~
AMT*B6*0.00~
LQ*HE*MA130~
CLP*CLM0900801*4*1775.00*0.00*0.00*13*PCN473458804*11*1~
CAS*CO*4*1775.00*1~
NM1*QC*1*Ramirez*Joseph****MI*PLN30426516~
NM1*82*1*Smith*Richard****XX*1000040802~
DTM*232*20251219~
DTM*233*20251219~
SVC*HC:99384:50*175.00*0.00**1~
DTM*472*20251219~
CAS*CO*4*175.00*1~
REF*6R*LNCLM090080100~
AMT*B6*0.00~
LQ*HE*N362~
SVC*HC:58558:RT*1600.00*0.00**2~
DTM*472*20251219~
CAS*CO*4*1600.00*2~
REF*6R*LNCLM090080101~
AMT*B6*0.00~
LQ*HE*N362~
CLP*CLM0900802*4*450.00*0.00*0.00*13*PCN613041462*11*1~
CAS*CO*11*450.00*1~
NM1*QC*1*Martinez*Linda****MI*GRP29582172~
NM1*82*1*Smith*Richard****XX*1000040802~
DTM*232*20260123~
DTM*233*20260124~
SVC*HC:76801:LT*450.00*0.00**2~
DTM*472*20260123~
CAS*CO*11*450.00*2~
REF*6R*LNCLM090080200~
AMT*B6*0.00~
LQ*HE*M15~
PLB*561786544*20251231*WO*-234.77~
SE*56*90803~
GE*1*90802~
IEA*1*000090801~