ISA*00*          *00*          *ZZ*MDCD           *ZZ*1000040002     *251226*2334*^*00501*000090001*0*P*:~
GS*HP*MDCD*1000040002*20251226*2334*90002*X*005010X221A1~
ST*835*90003*005010X221A1~
BPR*I*0.00*C*ACH*CCP*01*101000019*DA*9012345678*MDCD**01*071000013*DA*0123456789*20251226~
TRN*1*T000000090000*1469751485~
DTM*405*20251226~
N1*PR*Medicaid~
N3*4153 Lake Rd~
N4*Columbus*OH*43085~
REF*2U*MDCD~
N1*PE*Walker John*XX*1000040002~
N3*9161 Meadow Ln~
N4*Charlotte*NC*28201~
REF*TJ*271550001~
CLP*CLM0900000*4*975.00*0.00*0.00*MC*PCN135200125*11*1~
CAS*CO*16*975.00*1~
NM1*QC*1*White*Sharon****MI*INS45941030~
NM1*82*1*Walker*John****XX*1000040002~
DTM*232*20250918~
DTM*233*20250919~
SVC*HC:76817:50*675.00*0.00**3~
DTM*472*20250918~
CAS*CO*16*675.00*3~
REF*6R*LNCLM090000000~
AMT*B6*0.00~
LQ*HE*MA130~
SVC*HC:57454:50*300.00*0.00**1~
DTM*472*20250918~
CAS*CO*16*300.00*1~
REF*6R*LNCLM090000001~
AMT*B6*0.00~
LQ*HE*N95~
CLP*CLM0900001*4*2400.00*0.00*0.00*MC*PCN380508381*11*1~
CAS*CO*16*2400.00*1~
NM1*QC*1*King*Sharon****MI*MEM35500901~
NM1*82*1*Walker*John****XX*1000040002~
DTM*232*20260209~
DTM*233*20260209~
SVC*HC:58558:RT*2400.00*0.00**3~
DTM*472*20260209~
CAS*CO*16*2400.00*3~
REF*6R*LNCLM090000100~
AMT*B6*0.00~
LQ*HE*N479~
SE*43*90003~
GE*1*90002~
IEA*1*000090001~