ISA*00*          *00*          *ZZ*CMS            *ZZ*1000040902     *251219*2334*^*00501*000090901*0*P*:~
GS*HP*CMS*1000040902*20251219*2334*90902*X*005010X221A1~
ST*835*90903*005010X221A1~
BPR*I*0.00*C*ACH*CCP*01*074000078*DA*6789012345*CMS**01*091000019*DA*8901234567*20251219~
TRN*1*T000000090900*1778949532~
DTM*405*20251219~
N1*PR*Medicare Part B~
N3*7173 Hill St~
N4*Columbus*OH*43085~
REF*2U*CMS~
N1*PE*Robinson Daniel*XX*1000040902~
N3*913 College Ave~
N4*Charlotte*NC*28201~
REF*TJ*423831125~
CLP*CLM0900900*4*770.00*0.00*0.00*MA*PCN922019991*11*1~
CAS*PI*185*770.00*1~
NM1*QC*1*Scott*Emily****MI*MEM22008045~
NM1*82*1*Robinson*Daniel****XX*1000040902~
DTM*232*20251111~
DTM*233*20251111~
SVC*HC:76817:59*675.00*0.00**3~
DTM*472*20251111~
CAS*PI*185*675.00*3~
REF*6R*LNCLM090090000~
AMT*B6*0.00~
LQ*HE*N386~
SVC*HC:99213:76*95.00*0.00**1~
DTM*472*20251111~
CAS*PI*185*95.00*1~
REF*6R*LNCLM090090001~
AMT*B6*0.00~
LQ*HE*N479~
CLP*CLM0900901*4*665.00*0.00*0.00*MA*PCN849880378*11*1~
CAS*OA*109*665.00*1~
NM1*QC*1*Perez*Laura****MI*MEM43840479~
NM1*82*1*Robinson*Daniel****XX*1000040902~
DTM*232*20251122~
DTM*233*20251122~
SVC*HC:99214:25*290.00*0.00**2~
DTM*472*20251122~
CAS*OA*109*290.00*2~
REF*6R*LNCLM090090100~
AMT*B6*0.00~
LQ*HE*MA130~
SVC*HC:59025:25*375.00*0.00**3~
DTM*472*20251122~
CAS*OA*109*375.00*3~
REF*6R*LNCLM090090101~
AMT*B6*0.00~
LQ*HE*N479~
SE*49*90903~
GE*1*90902~
IEA*1*000090901~