ISA*00*          *00*          *ZZ*BCBS1          *ZZ*1000040702     *251203*2334*^*00501*000090701*0*P*:~
GS*HP*BCBS1*1000040702*20251203*2334*90702*X*005010X221A1~
ST*835*90703*005010X221A1~
BPR*I*0.00*C*ACH*CCP*01*122000247*DA*8901234567*BCBS1**01*101000019*DA*2345678901*20251203~
TRN*1*T000000090700*1910756505~
DTM*405*20251203~
N1*PR*Blue Cross Blue Shield~
N3*5918 College Ave~
N4*San Antonio*TX*78201~
REF*2U*BCBS1~
N1*PE*Robinson Laura*XX*1000040702~
N3*648 Main St~
N4*San Diego*CA*92101~
REF*TJ*678193531~
CLP*CLM0900700*4*900.00*0.00*0.00*13*PCN113177325*11*1~
CAS*CO*11*900.00*1~
NM1*QC*1*Garcia*Joshua****MI*MEM78500518~
NM1*82*1*Robinson*Laura****XX*1000040702~
DTM*232*20251129~
DTM*233*20251129~
SVC*HC:57454:76*900.00*0.00**3~
DTM*472*20251129~
CAS*CO*11*900.00*3~
REF*6R*LNCLM090070000~
AMT*B6*0.00~
LQ*HE*N95~
CLP*CLM0900701*4*8.00*0.00*0.00*13*PCN188754187*11*1~
CAS*CO*167*8.00*1~
NM1*QC*1*Walker*Deborah****MI*MEM76458915~
NM1*82*1*Robinson*Laura****XX*1000040702~
DTM*232*20251226~
DTM*233*20251227~
SVC*HC:81002:77*8.00*0.00**1~
DTM*472*20251226~
CAS*CO*167*8.00*1~
REF*6R*LNCLM090070100~
AMT*B6*0.00~
LQ*HE*N386~
SE*37*90703~
GE*1*90702~
IEA*1*000090701~