ISA*00*          *00*          *ZZ*ANTM1          *ZZ*1000040202     *251225*2334*^*00501*000090201*0*P*:~
GS*HP*ANTM1*1000040202*20251225*2334*90202*X*005010X221A1~
ST*835*90203*005010X221A1~
BPR*I*0.00*C*ACH*CCP*01*122000247*DA*1234567890*ANTM1**01*111000025*DA*4567890123*20251225~
TRN*1*T000000090200*1802038814~
DTM*405*20251225~
N1*PR*Anthem~
N3*5293 College Ave~
N4*Houston*TX*77001~
REF*2U*ANTM1~
N1*PE*Johnson James*XX*1000040202~
N3*5811 Highland Ave~
N4*Los Angeles*CA*90001~
REF*TJ*912554709~
CLP*CLM0900200*4*525.00*0.00*0.00*12*PCN604576678*11*1~
CAS*CO*50*525.00*1~
NM1*QC*1*Smith*Nancy****MI*INS58266154~
NM1*82*1*Johnson*James****XX*1000040202~
DTM*232*20251021~
DTM*233*20251021~
SVC*HC:99384:59*525.00*0.00**3~
DTM*472*20251021~
CAS*CO*50*525.00*3~
REF*6R*LNCLM090020000~
AMT*B6*0.00~
LQ*HE*M15~
CLP*CLM0900201*4*845.00*0.00*0.00*12*PCN190914717*11*1~
CAS*CO*50*845.00*1~
NM1*QC*1*Wright*Edward****MI*MEM15043912~
NM1*82*1*Johnson*James****XX*1000040202~
DTM*232*20250924~
DTM*233*20250925~
SVC*HC:76811:RT*700.00*0.00**2~
DTM*472*20250924~
CAS*CO*50*700.00*2~
REF*6R*LNCLM090020100~
AMT*B6*0.00~
LQ*HE*N479~
SVC*HC:99214*145.00*0.00**1~
DTM*472*20250924~
CAS*CO*50*145.00*1~
REF*6R*LNCLM090020101~
AMT*B6*0.00~
LQ*HE*N362~
SE*43*90203~
GE*1*90202~
IEA*1*000090201~