ISA*00*          *00*          *ZZ*87726          *ZZ*1000040402     *260108*2334*^*00501*000090401*0*P*:~
GS*HP*87726*1000040402*20260108*2334*90402*X*005010X221A1~
ST*835*90403*005010X221A1~
BPR*I*0.00*C*ACH*CCP*01*071000013*DA*2345678901*87726**01*101000019*DA*7890123456*20260108~
TRN*1*T000000090400*1780794733~
DTM*405*20260108~
N1*PR*UnitedHealthcare~
N3*497 Washington Ave~
N4*Nashville*TN*37201~
REF*2U*87726~
N1*PE*Scott John*XX*1000040402~
N3*9232 Lake Rd~
N4*Fort Worth*TX*76101~
REF*TJ*859568752~
CLP*CLM0900400*4*780.00*0.00*0.00*12*PCN731972455*11*1~
CAS*CO*27*780.00*1~
NM1*QC*1*Wright*Laura****MI*MEM10110447~
NM1*82*1*Scott*John****XX*1000040402~
DTM*232*20251101~
DTM*233*20251102~
SVC*HC:76801*675.00*0.00**3~
DTM*472*20251101~
CAS*CO*27*675.00*3~
REF*6R*LNCLM090040000~
AMT*B6*0.00~
LQ*HE*N386~
SVC*HC:88175:50*105.00*0.00**3~
DTM*472*20251101~
CAS*CO*27*105.00*3~
REF*6R*LNCLM090040001~
AMT*B6*0.00~
LQ*HE*MA130~
CLP*CLM0900401*4*435.00*0.00*0.00*12*PCN349174039*11*1~
CAS*CO*96*435.00*1~
NM1*QC*1*Garcia*Stephanie****MI*GRP86270281~
NM1*82*1*Scott*John****XX*1000040402~
DTM*232*20260111~
DTM*233*20260111~
SVC*HC:99214*435.00*0.00**3~
DTM*472*20260111~
CAS*CO*96*435.00*3~
REF*6R*LNCLM090040100~
AMT*B6*0.00~
LQ*HE*N479~
CLP*CLM0900402*4*1800.00*0.00*0.00*12*PCN543456549*11*1~
CAS*CO*29*1800.00*1~
NM1*QC*1*Anderson*Stephanie****MI*PLN96985685~
NM1*82*1*Scott*John****XX*1000040402~
DTM*232*20260116~
DTM*233*20260117~
SVC*HC:58661:TC*1200.00*0.00**1~
DTM*472*20260116~
CAS*CO*29*1200.00*1~
REF*6R*LNCLM090040200~
AMT*B6*0.00~
LQ*HE*N479~
SVC*HC:57454:LT*600.00*0.00**2~
DTM*472*20260116~
CAS*CO*29*600.00*2~
REF*6R*LNCLM090040201~
AMT*B6*0.00~
LQ*HE*N362~
PLB*325447773*20261231*FB*-413.14~
SE*62*90403~
GE*1*90402~
IEA*1*000090401~