ISA*00*          *00*          *ZZ*MDCD           *ZZ*1000040102     *251123*2334*^*00501*000090101*0*P*:~
GS*HP*MDCD*1000040102*20251123*2334*90102*X*005010X221A1~
ST*835*90103*005010X221A1~
BPR*I*0.00*C*ACH*CCP*01*081000032*DA*3456789012*MDCD**01*021202337*DA*4567890123*20251123~
TRN*1*T000000090100*1783798178~
DTM*405*20251123~
N1*PR*Medicaid~
N3*4153 Lake Rd~
N4*Columbus*OH*43085~
REF*2U*MDCD~
N1*PE*Martinez Karen*XX*1000040102~
N3*6003 Meadow Ln~
N4*San Jose*CA*95101~
REF*TJ*576461832~
CLP*CLM0900100*4*683.00*0.00*0.00*MC*PCN676334374*11*1~
CAS*CO*197*683.00*1~
NM1*QC*1*Young*Amanda****MI*MEM48253379~
NM1*82*1*Martinez*Karen****XX*1000040102~
DTM*232*20251025~
DTM*233*20251026~
SVC*HC:76817:77*675.00*0.00**3~
DTM*472*20251025~
CAS*CO*197*675.00*3~
REF*6R*LNCLM090010000~
AMT*B6*0.00~
LQ*HE*N362~
SVC*HC:81002:59*8.00*0.00**1~
DTM*472*20251025~
CAS*CO*197*8.00*1~
REF*6R*LNCLM090010001~
AMT*B6*0.00~
LQ*HE*N479~
CLP*CLM0900101*4*8400.00*0.00*0.00*MC*PCN490465015*11*1~
CAS*CO*197*8400.00*1~
NM1*QC*1*Hernandez*Elizabeth****MI*INS13886885~
NM1*82*1*Martinez*Karen****XX*1000040102~
DTM*232*20260111~
DTM*233*20260111~
SVC*HC:59510*8400.00*0.00**2~
DTM*472*20260111~
CAS*CO*197*8400.00*2~
REF*6R*LNCLM090010100~
AMT*B6*0.00~
LQ*HE*N479~
PLB*599997731*20251231*FB*-215.00~
SE*44*90103~
GE*1*90102~
IEA*1*000090101~