ISA*00*          *00*          *ZZ*ANTM1          *ZZ*1000041102     *260210*2334*^*00501*000091101*0*P*:~
GS*HP*ANTM1*1000041102*20260210*2334*91102*X*005010X221A1~
ST*835*91103*005010X221A1~
BPR*I*425.06*C*ACH*CCP*01*021202337*DA*1234567890*ANTM1**01*091000019*DA*6789012345*20260210~
TRN*1*T000000091100*1989324720~
DTM*405*20260210~
N1*PR*Anthem~
N3*5293 College Ave~
N4*Houston*TX*77001~
REF*2U*ANTM1~
N1*PE*Smith Patricia*XX*1000041102~
N3*8219 Main St~
N4*Austin*TX*73301~
REF*TJ*773962641~
CLP*CLM0901100*4*11050.00*0.00*0.00*12*PCN666635662*11*1~
CAS*CO*16*11050.00*1~
NM1*QC*1*Jones*Christopher****MI*MEM87430041~
NM1*82*1*Smith*Patricia****XX*1000041102~
DTM*232*20251029~
DTM*233*20251030~
SVC*HC:59400:50*10500.00*0.00**3~
DTM*472*20251029~
CAS*CO*16*10500.00*3~
REF*6R*LNCLM090110000~
AMT*B6*0.00~
LQ*HE*N386~
SVC*HC:99205:51*550.00*0.00**2~
DTM*472*20251029~
CAS*CO*16*550.00*2~
REF*6R*LNCLM090110001~
AMT*B6*0.00~
LQ*HE*N386~
CLP*CLM0901101*4*241.00*0.00*0.00*12*PCN199764493*11*1~
CAS*CO*29*241.00*1~
NM1*QC*1*Johnson*Jeffrey****MI*GRP20511011~
NM1*82*1*Smith*Patricia****XX*1000041102~
DTM*232*20251212~
DTM*233*20251213~
SVC*HC:81002:LT*16.00*0.00**2~
DTM*472*20251212~
CAS*CO*29*16.00*2~
REF*6R*LNCLM090110100~
AMT*B6*0.00~
LQ*HE*N362~
SVC*HC:76817:77*225.00*0.00**1~
DTM*472*20251212~
CAS*CO*29*225.00*1~
REF*6R*LNCLM090110101~
AMT*B6*0.00~
LQ*HE*MA130~
CLP*CLM0901102*1*750.00*425.06*104.56*12*PCN742300381*11*1~
CAS*CO*97*220.38*1~
CAS*PR*3*104.56*1~
NM1*QC*1*Garcia*William****MI*GRP33311705~
NM1*82*1*Smith*Patricia****XX*1000041102~
DTM*232*20250828~
DTM*233*20250828~
SVC*HC:76817:25*450.00*255.83**2~
DTM*472*20250828~
CAS*CO*45*154.39*2~
CAS*PR*3*39.78*2~
REF*6R*LNCLM090110200~
AMT*B6*295.61~
LQ*HE*N386~
SVC*HC:57454:TC*300.00*169.23**1~
DTM*472*20250828~
CAS*CO*97*65.99*1~
CAS*PR*1*64.78*1~
REF*6R*LNCLM090110201~
AMT*B6*234.01~
LQ*HE*M15~
CLP*CLM0901103*4*2470.00*0.00*0.00*12*PCN914451514*11*1~
CAS*CO*4*2470.00*1~
NM1*QC*1*Harris*Amanda****MI*INS78335131~
NM1*82*1*Smith*Patricia****XX*1000041102~
DTM*232*20250907~
DTM*233*20250907~
SVC*HC:58661:77*2400.00*0.00**2~
DTM*472*20250907~
CAS*CO*4*2400.00*2~
REF*6R*LNCLM090110300~
AMT*B6*0.00~
LQ*HE*N386~
SVC*HC:88175:RT*70.00*0.00**2~
DTM*472*20250907~
CAS*CO*4*70.00*2~
REF*6R*LNCLM090110301~
AMT*B6*0.00~
LQ*HE*MA130~
CLP*CLM0901104*4*4224.00*0.00*0.00*12*PCN329468825*11*1~
CAS*PI*185*4224.00*1~
NM1*QC*1*Jones*Donna****MI*PLN86204353~
NM1*82*1*Smith*Patricia****XX*1000041102~
DTM*232*20251104~
DTM*233*20251105~
SVC*HC:81002:59*24.00*0.00**3~
DTM*472*20251104~
CAS*PI*185*24.00*3~
REF*6R*LNCLM090110400~
AMT*B6*0.00~
LQ*HE*N386~
SVC*HC:59510*4200.00*0.00**1~
DTM*472*20251104~
CAS*PI*185*4200.00*1~
REF*6R*LNCLM090110401~
AMT*B6*0.00~
LQ*HE*MA130~
SE*106*91103~
GE*1*91102~
IEA*1*000091101~