ISA*00*          *00*          *ZZ*60054          *ZZ*1000041002     *251202*2334*^*00501*000091001*0*P*:~
GS*HP*60054*1000041002*20251202*2334*91002*X*005010X221A1~
ST*835*91003*005010X221A1~
BPR*I*0.00*C*ACH*CCP*01*021000021*DA*4567890123*60054**01*101000019*DA*4567890123*20251202~
TRN*1*T000000091000*1676684437~
DTM*405*20251202~
N1*PR*Aetna~
N3*8087 Forest Dr~
N4*Indianapolis*IN*46201~
REF*2U*60054~
N1*PE*Scott Maria*XX*1000041002~
N3*9788 Washington Ave~
N4*Houston*TX*77001~
REF*TJ*494127670~
CLP*CLM0901000*4*225.00*0.00*0.00*12*PCN832309267*11*1~
CAS*OA*109*225.00*1~
NM1*QC*1*Young*Charles****MI*MEM78889696~
NM1*82*1*Scott*Maria****XX*1000041002~
DTM*232*20260208~
DTM*233*20260208~
SVC*HC:76817:TC*225.00*0.00**1~
DTM*472*20260208~
CAS*OA*109*225.00*1~
REF*6R*LNCLM090100000~
AMT*B6*0.00~
LQ*HE*N362~
CLP*CLM0901001*4*4216.00*0.00*0.00*12*PCN563045327*11*1~
CAS*OA*31*4216.00*1~
NM1*QC*1*Robinson*Joseph****MI*PLN70074790~
NM1*82*1*Scott*Maria****XX*1000041002~
DTM*232*20260201~
DTM*233*20260201~
SVC*HC:59510:25*4200.00*0.00**1~
DTM*472*20260201~
CAS*OA*31*4200.00*1~
REF*6R*LNCLM090100100~
AMT*B6*0.00~
LQ*HE*M15~
SVC*HC:81002:76*16.00*0.00**2~
DTM*472*20260201~
CAS*OA*31*16.00*2~
REF*6R*LNCLM090100101~
AMT*B6*0.00~
LQ*HE*N362~
CLP*CLM0901002*4*1350.00*0.00*0.00*12*PCN460724508*11*1~
CAS*PI*185*1350.00*1~
NM1*QC*1*Thompson*Kevin****MI*GRP20859568~
NM1*82*1*Scott*Maria****XX*1000041002~
DTM*232*20250918~
DTM*233*20250919~
SVC*HC:57454:LT*900.00*0.00**3~
DTM*472*20250918~
CAS*PI*185*900.00*3~
REF*6R*LNCLM090100200~
AMT*B6*0.00~
LQ*HE*N95~
SVC*HC:76801:LT*450.00*0.00**2~
DTM*472*20250918~
CAS*PI*185*450.00*2~
REF*6R*LNCLM090100201~
AMT*B6*0.00~
LQ*HE*N479~
PLB*406994569*20251231*WO*-35.15~
SE*62*91003~
GE*1*91002~
IEA*1*000091001~