ISA*00*          *00*          *ZZ*MDCD           *ZZ*1000010202     *251208*2334*^*00501*000110201*0*P*:~
GS*HP*MDCD*1000010202*20251208*2334*110202*X*005010X221A1~
ST*835*110203*005010X221A1~
BPR*I*0.00*C*ACH*CCP*01*021202337*DA*2345678901*MDCD**01*021000021*DA*5678901234*20251208~
TRN*1*T000000110200*1882194917~
DTM*405*20251208~
N1*PR*Medicaid~
N3*4153 Lake Rd~
N4*Columbus*OH*43085~
REF*2U*MDCD~
N1*PE*Kim Michael*XX*1000010202~
N3*6751 Hill St~
N4*Phoenix*AZ*85001~
REF*TJ*464703465~
CLP*CLM1100200*4*650.00*0.00*0.00*MC*PCN786440560*11*1~
CAS*CO*50*650.00*1~
NM1*QC*1*Rodriguez*Ronald****MI*PLN39892185~
NM1*82*1*Kim*Michael****XX*1000010202~
DTM*232*20251101~
DTM*233*20251101~
SVC*HC:01961:RT*650.00*0.00**1~
DTM*472*20251101~
CAS*CO*50*650.00*1~
REF*6R*LNCLM110020000~
AMT*B6*0.00~
LQ*HE*N362~
CLP*CLM1100201*4*1200.00*0.00*0.00*MC*PCN882261385*11*1~
CAS*CO*50*1200.00*1~
NM1*QC*1*Smith*Michael****MI*MEM69717619~
NM1*82*1*Kim*Michael****XX*1000010202~
DTM*232*20260202~
DTM*233*20260203~
SVC*HC:00142:25*1200.00*0.00**3~
DTM*472*20260202~
CAS*CO*50*1200.00*3~
REF*6R*LNCLM110020100~
AMT*B6*0.00~
LQ*HE*M15~
CLP*CLM1100202*4*400.00*0.00*0.00*MC*PCN754409456*11*1~
CAS*CO*50*400.00*1~
NM1*QC*1*Ramirez*Brian****MI*INS38822007~
NM1*82*1*Kim*Michael****XX*1000010202~
DTM*232*20251013~
DTM*233*20251014~
SVC*HC:64483:26*400.00*0.00**1~
DTM*472*20251013~
CAS*CO*50*400.00*1~
REF*6R*LNCLM110020200~
AMT*B6*0.00~
LQ*HE*N479~
PLB*636520533*20251231*L6*-327.14~
SE*50*110203~
GE*1*110202~
IEA*1*000110201~