ISA*00*          *00*          *ZZ*CMS            *ZZ*1000010302     *260217*2334*^*00501*000110301*0*P*:~
GS*HP*CMS*1000010302*20260217*2334*110302*X*005010X221A1~
ST*835*110303*005010X221A1~
BPR*I*0.00*C*ACH*CCP*01*101000019*DA*8901234567*CMS**01*091000019*DA*1234567890*20260217~
TRN*1*T000000110300*1298381669~
DTM*405*20260217~
N1*PR*Medicare Part B~
N3*7173 Hill St~
N4*Columbus*OH*43085~
REF*2U*CMS~
N1*PE*Anderson Angela*XX*1000010302~
N3*5289 Forest Dr~
N4*Los Angeles*CA*90001~
REF*TJ*546127090~
CLP*CLM1100300*4*600.00*0.00*0.00*MA*PCN469379589*11*1~
CAS*CO*29*600.00*1~
NM1*QC*1*Harris*Ronald****MI*INS94216861~
NM1*82*1*Anderson*Angela****XX*1000010302~
DTM*232*20251122~
DTM*233*20251122~
SVC*HC:64415:51*600.00*0.00**2~
DTM*472*20251122~
CAS*CO*29*600.00*2~
REF*6R*LNCLM110030000~
AMT*B6*0.00~
LQ*HE*N362~
CLP*CLM1100301*4*600.00*0.00*0.00*MA*PCN572789267*11*1~
CAS*CO*27*600.00*1~
NM1*QC*1*Young*Stephanie****MI*PLN79401368~
NM1*82*1*Anderson*Angela****XX*1000010302~
DTM*232*20250912~
DTM*233*20250913~
SVC*HC:00400:26*600.00*0.00**1~
DTM*472*20250912~
CAS*CO*27*600.00*1~
REF*6R*LNCLM110030100~
AMT*B6*0.00~
LQ*HE*N362~
CLP*CLM1100302*4*450.00*0.00*0.00*MA*PCN808867933*11*1~
CAS*CO*96*450.00*1~
NM1*QC*1*Allen*Laura****MI*PLN95646076~
NM1*82*1*Anderson*Angela****XX*1000010302~
DTM*232*20260108~
DTM*233*20260108~
SVC*HC:00100:LT*450.00*0.00**1~
DTM*472*20260108~
CAS*CO*96*450.00*1~
REF*6R*LNCLM110030200~
AMT*B6*0.00~
LQ*HE*M15~
SE*49*110303~
GE*1*110302~
IEA*1*000110301~