ISA*00*          *00*          *ZZ*62308          *ZZ*1000011002     *251223*2334*^*00501*000111001*0*P*:~
GS*HP*62308*1000011002*20251223*2334*111002*X*005010X221A1~
ST*835*111003*005010X221A1~
BPR*I*0.00*C*ACH*CCP*01*091000019*DA*3456789012*62308**01*081000032*DA*8901234567*20251223~
TRN*1*T000000111000*1213334273~
DTM*405*20251223~
N1*PR*Cigna~
N3*8304 Park Dr~
N4*Jacksonville*FL*32099~
REF*2U*62308~
N1*PE*Brown Maria*XX*1000011002~
N3*9257 Main St~
N4*Charlotte*NC*28201~
REF*TJ*778444227~
CLP*CLM1101000*4*3350.00*0.00*0.00*12*PCN665068589*11*1~
CAS*OA*109*3350.00*1~
NM1*QC*1*Garcia*Emily****MI*GRP54042035~
NM1*82*1*Brown*Maria****XX*1000011002~
DTM*232*20251017~
DTM*233*20251018~
SVC*HC:00630:51*1100.00*0.00**2~
DTM*472*20251017~
CAS*OA*109*1100.00*2~
REF*6R*LNCLM110100000~
AMT*B6*0.00~
LQ*HE*N386~
SVC*HC:00540*2250.00*0.00**3~
DTM*472*20251017~
CAS*OA*109*2250.00*3~
REF*6R*LNCLM110100001~
AMT*B6*0.00~
LQ*HE*M15~
CLP*CLM1101001*4*2200.00*0.00*0.00*12*PCN909373792*11*1~
CAS*OA*31*2200.00*1~
NM1*QC*1*Harris*David****MI*MEM29677919~
NM1*82*1*Brown*Maria****XX*1000011002~
DTM*232*20251003~
DTM*233*20251004~
SVC*HC:62323:51*700.00*0.00**2~
DTM*472*20251003~
CAS*OA*31*700.00*2~
REF*6R*LNCLM110100100~
AMT*B6*0.00~
LQ*HE*MA130~
SVC*HC:01480:25*1500.00*0.00**3~
DTM*472*20251003~
CAS*OA*31*1500.00*3~
REF*6R*LNCLM110100101~
AMT*B6*0.00~
LQ*HE*N479~
CLP*CLM1101002*4*1150.00*0.00*0.00*12*PCN284628673*11*1~
CAS*PI*185*1150.00*1~
NM1*QC*1*Garcia*Richard****MI*MEM36796860~
NM1*82*1*Brown*Maria****XX*1000011002~
DTM*232*20251125~
DTM*233*20251126~
SVC*HC:00810:51*1150.00*0.00**2~
DTM*472*20251125~
CAS*PI*185*1150.00*2~
REF*6R*LNCLM110100200~
AMT*B6*0.00~
LQ*HE*MA130~
SE*61*111003~
GE*1*111002~
IEA*1*000111001~