ISA*00*          *00*          *ZZ*MDCD           *ZZ*1000010502     *251122*2334*^*00501*000110501*0*P*:~
GS*HP*MDCD*1000010502*20251122*2334*110502*X*005010X221A1~
ST*835*110503*005010X221A1~
BPR*I*1742.61*C*ACH*CCP*01*101000019*DA*6789012345*MDCD**01*021000021*DA*4567890123*20251122~
TRN*1*T000000110500*1324912919~
DTM*405*20251122~
N1*PR*Medicaid~
N3*4153 Lake Rd~
N4*Columbus*OH*43085~
REF*2U*MDCD~
N1*PE*Thompson David*XX*1000010502~
N3*5959 Park Dr~
N4*San Diego*CA*92101~
REF*TJ*204059275~
CLP*CLM1100500*1*450.00*218.52*83.76*MC*PCN344030646*11*1~
CAS*CO*97*147.72*1~
CAS*PR*3*83.76*1~
NM1*QC*1*Young*Elizabeth****MI*MEM29293559~
NM1*82*1*Thompson*David****XX*1000010502~
DTM*232*20251123~
DTM*233*20251124~
SVC*HC:00100:TC*450.00*218.52**1~
DTM*472*20251123~
CAS*CO*45*147.72*1~
CAS*PR*3*83.76*1~
REF*6R*LNCLM110050000~
AMT*B6*302.28~
LQ*HE*M15~
CLP*CLM1100501*1*975.00*518.86*155.65*MC*PCN837397694*11*1~
CAS*CO*45*300.49*1~
CAS*PR*2*155.65*1~
NM1*QC*1*Brown*Nancy****MI*GRP26044336~
NM1*82*1*Thompson*David****XX*1000010502~
DTM*232*20260207~
DTM*233*20260207~
SVC*HC:00810:51*575.00*320.21**1~
DTM*472*20260207~
CAS*CO*45*159.55*1~
CAS*PR*2*95.24*1~
REF*6R*LNCLM110050100~
AMT*B6*415.45~
LQ*HE*N362~
SVC*HC:00142:59*400.00*198.65**1~
DTM*472*20260207~
CAS*CO*97*140.94*1~
CAS*PR*2*60.41*1~
REF*6R*LNCLM110050101~
AMT*B6*259.06~
LQ*HE*N386~
CLP*CLM1100502*1*1500.00*1005.23*239.71*MC*PCN642796546*11*1~
CAS*CO*45*255.06*1~
CAS*PR*3*239.71*1~
NM1*QC*1*Moore*Joshua****MI*MEM99252391~
NM1*82*1*Thompson*David****XX*1000010502~
DTM*232*20251031~
DTM*233*20251101~
SVC*HC:00540:25*1500.00*1005.23**2~
DTM*472*20251031~
CAS*CO*97*255.06*2~
CAS*PR*3*239.71*2~
REF*6R*LNCLM110050200~
AMT*B6*1244.94~
LQ*HE*N479~
SE*62*110503~
GE*1*110502~
IEA*1*000110501~