ISA*00*          *00*          *ZZ*60054          *ZZ*1000010802     *260109*2334*^*00501*000110801*0*P*:~
GS*HP*60054*1000010802*20260109*2334*110802*X*005010X221A1~
ST*835*110803*005010X221A1~
BPR*I*0.00*C*ACH*CCP*01*081000032*DA*5678901234*60054**01*111000025*DA*1234567890*20260109~
TRN*1*T000000110800*1236287125~
DTM*405*20260109~
N1*PR*Aetna~
N3*8087 Forest Dr~
N4*Indianapolis*IN*46201~
REF*2U*60054~
N1*PE*Wright Laura*XX*1000010802~
N3*9263 Forest Dr~
N4*Indianapolis*IN*46201~
REF*TJ*267959328~
CLP*CLM1100800*4*2100.00*0.00*0.00*12*PCN238929942*11*1~
CAS*CO*167*2100.00*1~
NM1*QC*1*Harris*Patricia****MI*GRP33355322~
NM1*82*1*Wright*Laura****XX*1000010802~
DTM*232*20251225~
DTM*233*20251226~
SVC*HC:64415:76*900.00*0.00**3~
DTM*472*20251225~
CAS*CO*167*900.00*3~
REF*6R*LNCLM110080000~
AMT*B6*0.00~
LQ*HE*MA130~
SVC*HC:00740:25*1200.00*0.00**2~
DTM*472*20251225~
CAS*CO*167*1200.00*2~
REF*6R*LNCLM110080001~
AMT*B6*0.00~
LQ*HE*N479~
CLP*CLM1100801*4*1350.00*0.00*0.00*12*PCN986409592*11*1~
CAS*CO*4*1350.00*1~
NM1*QC*1*Allen*Karen****MI*PLN36498587~
NM1*82*1*Wright*Laura****XX*1000010802~
DTM*232*20260202~
DTM*233*20260203~
SVC*HC:99140:77*150.00*0.00**1~
DTM*472*20260202~
CAS*CO*4*150.00*1~
REF*6R*LNCLM110080100~
AMT*B6*0.00~
LQ*HE*M15~
SVC*HC:00400:76*1200.00*0.00**2~
DTM*472*20260202~
CAS*CO*4*1200.00*2~
REF*6R*LNCLM110080101~
AMT*B6*0.00~
LQ*HE*N479~
SE*49*110803~
GE*1*110802~
IEA*1*000110801~