ISA*00*          *00*          *ZZ*61101          *ZZ*1000010002     *260119*2334*^*00501*000110001*0*P*:~
GS*HP*61101*1000010002*20260119*2334*110002*X*005010X221A1~
ST*835*110003*005010X221A1~
BPR*I*0.00*C*ACH*CCP*01*101000019*DA*6789012345*61101**01*081000032*DA*1234567890*20260119~
TRN*1*T000000110000*1486652951~
DTM*405*20260119~
N1*PR*Humana~
N3*7536 Washington Ave~
N4*Seattle*WA*98101~
REF*2U*61101~
N1*PE*Garcia Sarah*XX*1000010002~
N3*3987 Hill St~
N4*Indianapolis*IN*46201~
REF*TJ*188373517~
CLP*CLM1100000*4*3450.00*0.00*0.00*13*PCN172993974*11*1~
CAS*CO*16*3450.00*1~
NM1*QC*1*Scott*Steven****MI*PLN88692928~
NM1*82*1*Garcia*Sarah****XX*1000010002~
DTM*232*20251004~
DTM*233*20251004~
SVC*HC:00540:26*2250.00*0.00**3~
DTM*472*20251004~
CAS*CO*16*2250.00*3~
REF*6R*LNCLM110000000~
AMT*B6*0.00~
LQ*HE*N95~
SVC*HC:00400:50*1200.00*0.00**2~
DTM*472*20251004~
CAS*CO*16*1200.00*2~
REF*6R*LNCLM110000001~
AMT*B6*0.00~
LQ*HE*N95~
CLP*CLM1100001*4*1000.00*0.00*0.00*13*PCN105208648*11*1~
CAS*CO*16*1000.00*1~
NM1*QC*1*Clark*Lisa****MI*INS30085553~
NM1*82*1*Garcia*Sarah****XX*1000010002~
DTM*232*20250902~
DTM*233*20250902~
SVC*HC:01967:51*1000.00*0.00**2~
DTM*472*20250902~
CAS*CO*16*1000.00*2~
REF*6R*LNCLM110000100~
AMT*B6*0.00~
LQ*HE*M15~
SE*43*110003~
GE*1*110002~
IEA*1*000110001~