ISA*00*          *00*          *ZZ*91051          *ZZ*1000010402     *251224*2334*^*00501*000110401*0*P*:~
GS*HP*91051*1000010402*20251224*2334*110402*X*005010X221A1~
ST*835*110403*005010X221A1~
BPR*I*0.00*C*ACH*CCP*01*021000021*DA*5678901234*91051**01*091000019*DA*4567890123*20251224~
TRN*1*T000000110400*1473029905~
DTM*405*20251224~
N1*PR*Kaiser Permanente~
N3*723 Park Dr~
N4*Chicago*IL*60601~
REF*2U*91051~
N1*PE*Thompson Richard*XX*1000010402~
N3*6390 Hill St~
N4*Portland*OR*97201~
REF*TJ*192616220~
CLP*CLM1100400*4*2300.00*0.00*0.00*13*PCN749672942*11*1~
CAS*CO*27*2300.00*1~
NM1*QC*1*Allen*Jessica****MI*INS29592288~
NM1*82*1*Thompson*Richard****XX*1000010402~
DTM*232*20250828~
DTM*233*20250829~
SVC*HC:01967:25*1000.00*0.00**2~
DTM*472*20250828~
CAS*CO*27*1000.00*2~
REF*6R*LNCLM110040000~
AMT*B6*0.00~
LQ*HE*N479~
SVC*HC:01961:59*1300.00*0.00**2~
DTM*472*20250828~
CAS*CO*27*1300.00*2~
REF*6R*LNCLM110040001~
AMT*B6*0.00~
LQ*HE*N479~
CLP*CLM1100401*4*2100.00*0.00*0.00*13*PCN590110131*11*1~
CAS*CO*96*2100.00*1~
NM1*QC*1*Gonzalez*Christopher****MI*MEM80121028~
NM1*82*1*Thompson*Richard****XX*1000010402~
DTM*232*20250826~
DTM*233*20250827~
SVC*HC:01402:LT*2100.00*0.00**3~
DTM*472*20250826~
CAS*CO*96*2100.00*3~
REF*6R*LNCLM110040100~
AMT*B6*0.00~
LQ*HE*N362~
SE*43*110403~
GE*1*110402~
IEA*1*000110401~