ISA*00*          *00*          *ZZ*MDCD           *ZZ*1000010902     *251123*2334*^*00501*000110901*0*P*:~
GS*HP*MDCD*1000010902*20251123*2334*110902*X*005010X221A1~
ST*835*110903*005010X221A1~
BPR*I*0.00*C*ACH*CCP*01*111000025*DA*9012345678*MDCD**01*111000025*DA*4567890123*20251123~
TRN*1*T000000110900*1370018505~
DTM*405*20251123~
N1*PR*Medicaid~
N3*4153 Lake Rd~
N4*Columbus*OH*43085~
REF*2U*MDCD~
N1*PE*Nguyen Sarah*XX*1000010902~
N3*2900 Cedar Ln~
N4*Indianapolis*IN*46201~
REF*TJ*209738665~
CLP*CLM1100900*4*1000.00*0.00*0.00*MC*PCN874136241*11*1~
CAS*PI*185*1000.00*1~
NM1*QC*1*Williams*Edward****MI*PLN18343403~
NM1*82*1*Nguyen*Sarah****XX*1000010902~
DTM*232*20251202~
DTM*233*20251202~
SVC*HC:64483:76*400.00*0.00**1~
DTM*472*20251202~
CAS*PI*185*400.00*1~
REF*6R*LNCLM110090000~
AMT*B6*0.00~
LQ*HE*MA130~
SVC*HC:64415:77*600.00*0.00**2~
DTM*472*20251202~
CAS*PI*185*600.00*2~
REF*6R*LNCLM110090001~
AMT*B6*0.00~
LQ*HE*N386~
CLP*CLM1100901*4*1200.00*0.00*0.00*MC*PCN554255409*11*1~
CAS*OA*109*1200.00*1~
NM1*QC*1*Scott*James****MI*PLN61268996~
NM1*82*1*Nguyen*Sarah****XX*1000010902~
DTM*232*20251003~
DTM*233*20251004~
SVC*HC:00142:RT*1200.00*0.00**3~
DTM*472*20251003~
CAS*OA*109*1200.00*3~
REF*6R*LNCLM110090100~
AMT*B6*0.00~
LQ*HE*MA130~
CLP*CLM1100902*4*750.00*0.00*0.00*MC*PCN458748490*11*1~
CAS*OA*31*750.00*1~
NM1*QC*1*Flores*Matthew****MI*MEM99765050~
NM1*82*1*Nguyen*Sarah****XX*1000010902~
DTM*232*20251117~
DTM*233*20251118~
SVC*HC:00540*750.00*0.00**1~
DTM*472*20251117~
CAS*OA*31*750.00*1~
REF*6R*LNCLM110090200~
AMT*B6*0.00~
LQ*HE*N95~
SE*55*110903~
GE*1*110902~
IEA*1*000110901~