ISA*00*          *00*          *ZZ*BCBS1          *ZZ*1000011102     *260118*2334*^*00501*000111101*0*P*:~
GS*HP*BCBS1*1000011102*20260118*2334*111102*X*005010X221A1~
ST*835*111103*005010X221A1~
BPR*I*359.58*C*ACH*CCP*01*021202337*DA*9012345678*BCBS1**01*074000078*DA*2345678901*20260118~
TRN*1*T000000111100*1177253198~
DTM*405*20260118~
N1*PR*Blue Cross Blue Shield~
N3*5918 College Ave~
N4*San Antonio*TX*78201~
REF*2U*BCBS1~
N1*PE*Brown Stephen*XX*1000011102~
N3*3205 Highland Ave~
N4*San Diego*CA*92101~
REF*TJ*946734983~
CLP*CLM1101100*4*150.00*0.00*0.00*13*PCN303519504*11*1~
CAS*CO*16*150.00*1~
NM1*QC*1*Scott*Ashley****MI*INS18814917~
NM1*82*1*Brown*Stephen****XX*1000011102~
DTM*232*20250929~
DTM*233*20250929~
SVC*HC:99140:RT*150.00*0.00**1~
DTM*472*20250929~
CAS*CO*16*150.00*1~
REF*6R*LNCLM110110000~
AMT*B6*0.00~
LQ*HE*N95~
CLP*CLM1101101*4*2300.00*0.00*0.00*13*PCN782181674*11*1~
CAS*CO*29*2300.00*1~
NM1*QC*1*Moore*Paul****MI*PLN80590454~
NM1*82*1*Brown*Stephen****XX*1000011102~
DTM*232*20251016~
DTM*233*20251017~
SVC*HC:01961:59*1950.00*0.00**3~
DTM*472*20251016~
CAS*CO*29*1950.00*3~
REF*6R*LNCLM110110100~
AMT*B6*0.00~
LQ*HE*N479~
SVC*HC:62323:51*350.00*0.00**1~
DTM*472*20251016~
CAS*CO*29*350.00*1~
REF*6R*LNCLM110110101~
AMT*B6*0.00~
LQ*HE*N386~
CLP*CLM1101102*1*600.00*359.58*89.33*13*PCN439317902*11*1~
CAS*CO*45*151.09*1~
CAS*PR*1*89.33*1~
NM1*QC*1*Jackson*Jessica****MI*MEM23992206~
NM1*82*1*Brown*Stephen****XX*1000011102~
DTM*232*20251214~
DTM*233*20251214~
SVC*HC:00740:26*600.00*359.58**1~
DTM*472*20251214~
CAS*CO*45*151.09*1~
CAS*PR*1*89.33*1~
REF*6R*LNCLM110110200~
AMT*B6*448.91~
LQ*HE*N95~
CLP*CLM1101103*4*700.00*0.00*0.00*13*PCN789974307*11*1~
CAS*CO*4*700.00*1~
NM1*QC*1*Baker*Patricia****MI*PLN75675397~
NM1*82*1*Brown*Stephen****XX*1000011102~
DTM*232*20260113~
DTM*233*20260114~
SVC*HC:62323:50*700.00*0.00**2~
DTM*472*20260113~
CAS*CO*4*700.00*2~
REF*6R*LNCLM110110300~
AMT*B6*0.00~
LQ*HE*N386~
CLP*CLM1101104*4*1700.00*0.00*0.00*13*PCN213608050*11*1~
CAS*PI*185*1700.00*1~
NM1*QC*1*Anderson*Mark****MI*PLN68844441~
NM1*82*1*Brown*Stephen****XX*1000011102~
DTM*232*20260109~
DTM*233*20260110~
SVC*HC:01480:77*1000.00*0.00**2~
DTM*472*20260109~
CAS*PI*185*1000.00*2~
REF*6R*LNCLM110110400~
AMT*B6*0.00~
LQ*HE*N95~
SVC*HC:01402:51*700.00*0.00**1~
DTM*472*20260109~
CAS*PI*185*700.00*1~
REF*6R*LNCLM110110401~
AMT*B6*0.00~
LQ*HE*N362~
PLB*474860906*20261231*WO*-347.24~
SE*88*111103~
GE*1*111102~
IEA*1*000111101~