ISA*00*          *00*          *ZZ*CMS            *ZZ*1000010102     *260116*2334*^*00501*000110101*0*P*:~
GS*HP*CMS*1000010102*20260116*2334*110102*X*005010X221A1~
ST*835*110103*005010X221A1~
BPR*I*0.00*C*ACH*CCP*01*026009593*DA*8901234567*CMS**01*026009593*DA*8901234567*20260116~
TRN*1*T000000110100*1902049310~
DTM*405*20260116~
N1*PR*Medicare Part B~
N3*7173 Hill St~
N4*Columbus*OH*43085~
REF*2U*CMS~
N1*PE*Smith Stephen*XX*1000010102~
N3*7332 Washington Ave~
N4*Charlotte*NC*28201~
REF*TJ*826961606~
CLP*CLM1100100*4*3050.00*0.00*0.00*MA*PCN710921251*11*1~
CAS*CO*197*3050.00*1~
NM1*QC*1*Thompson*Stephanie****MI*GRP74826783~
NM1*82*1*Smith*Stephen****XX*1000010102~
DTM*232*20251106~
DTM*233*20251107~
SVC*HC:01402:25*1400.00*0.00**2~
DTM*472*20251106~
CAS*CO*197*1400.00*2~
REF*6R*LNCLM110010000~
AMT*B6*0.00~
LQ*HE*M15~
SVC*HC:00630:TC*1650.00*0.00**3~
DTM*472*20251106~
CAS*CO*197*1650.00*3~
REF*6R*LNCLM110010001~
AMT*B6*0.00~
LQ*HE*M15~
CLP*CLM1100101*4*1900.00*0.00*0.00*MA*PCN149761993*11*1~
CAS*CO*197*1900.00*1~
NM1*QC*1*Garcia*Steven****MI*INS80446262~
NM1*82*1*Smith*Stephen****XX*1000010102~
DTM*232*20260207~
DTM*233*20260208~
SVC*HC:01967:25*1000.00*0.00**2~
DTM*472*20260207~
CAS*CO*197*1000.00*2~
REF*6R*LNCLM110010100~
AMT*B6*0.00~
LQ*HE*N386~
SVC*HC:64415:26*900.00*0.00**3~
DTM*472*20260207~
CAS*CO*197*900.00*3~
REF*6R*LNCLM110010101~
AMT*B6*0.00~
LQ*HE*N479~
PLB*867454497*20261231*CS*-156.63~
SE*50*110103~
GE*1*110102~
IEA*1*000110101~