ISA*00*          *00*          *ZZ*BCBS1          *ZZ*1000010702     *260212*2334*^*00501*000110701*0*P*:~
GS*HP*BCBS1*1000010702*20260212*2334*110702*X*005010X221A1~
ST*835*110703*005010X221A1~
BPR*I*0.00*C*ACH*CCP*01*074000078*DA*0123456789*BCBS1**01*081000032*DA*8901234567*20260212~
TRN*1*T000000110700*1199932019~
DTM*405*20260212~
N1*PR*Blue Cross Blue Shield~
N3*5918 College Ave~
N4*San Antonio*TX*78201~
REF*2U*BCBS1~
N1*PE*Hall Robert*XX*1000010702~
N3*8812 Elm Blvd~
N4*Columbus*OH*43085~
REF*TJ*557122951~
CLP*CLM1100700*4*1750.00*0.00*0.00*13*PCN481828301*11*1~
CAS*CO*11*1750.00*1~
NM1*QC*1*Young*Timothy****MI*MEM25438296~
NM1*82*1*Hall*Robert****XX*1000010702~
DTM*232*20251017~
DTM*233*20251018~
SVC*HC:00810:77*1150.00*0.00**2~
DTM*472*20251017~
CAS*CO*11*1150.00*2~
REF*6R*LNCLM110070000~
AMT*B6*0.00~
LQ*HE*N95~
SVC*HC:00740:26*600.00*0.00**1~
DTM*472*20251017~
CAS*CO*11*600.00*1~
REF*6R*LNCLM110070001~
AMT*B6*0.00~
LQ*HE*N95~
CLP*CLM1100701*4*1300.00*0.00*0.00*13*PCN490673333*11*1~
CAS*CO*167*1300.00*1~
NM1*QC*1*Flores*Carol****MI*GRP68933087~
NM1*82*1*Hall*Robert****XX*1000010702~
DTM*232*20251020~
DTM*233*20251021~
SVC*HC:01961:TC*1300.00*0.00**2~
DTM*472*20251020~
CAS*CO*167*1300.00*2~
REF*6R*LNCLM110070100~
AMT*B6*0.00~
LQ*HE*N386~
SE*43*110703~
GE*1*110702~
IEA*1*000110701~