ISA*00*          *00*          *ZZ*99726          *ZZ*1000010602     *260101*2334*^*00501*000110601*0*P*:~
GS*HP*99726*1000010602*20260101*2334*110602*X*005010X221A1~
ST*835*110603*005010X221A1~
BPR*I*1250.81*C*ACH*CCP*01*122000247*DA*9012345678*99726**01*021000021*DA*6789012345*20260101~
TRN*1*T000000110600*1852653978~
DTM*405*20260101~
N1*PR*Tricare~
N3*3978 Market St~
N4*Houston*TX*77001~
REF*2U*99726~
N1*PE*Chen John*XX*1000010602~
N3*7761 Oak Ave~
N4*Denver*CO*80201~
REF*TJ*395810805~
CLP*CLM1100600*1*1150.00*741.33*133.22*15*PCN407891523*11*1~
CAS*CO*97*275.45*1~
CAS*PR*1*133.22*1~
NM1*QC*1*Jackson*Margaret****MI*GRP60456427~
NM1*82*1*Chen*John****XX*1000010602~
DTM*232*20251010~
DTM*233*20251011~
SVC*HC:64415:77*600.00*389.60**2~
DTM*472*20251010~
CAS*CO*97*166.10*2~
CAS*PR*1*44.30*2~
REF*6R*LNCLM110060000~
AMT*B6*433.90~
LQ*HE*N362~
SVC*HC:00630:RT*550.00*351.73**1~
DTM*472*20251010~
CAS*CO*45*109.35*1~
CAS*PR*3*88.92*1~
REF*6R*LNCLM110060001~
AMT*B6*440.65~
LQ*HE*N386~
CLP*CLM1100601*1*1000.00*509.48*189.77*15*PCN410522996*11*1~
CAS*CO*97*300.75*1~
CAS*PR*3*189.77*1~
NM1*QC*1*Rivera*Matthew****MI*INS37624488~
NM1*82*1*Chen*John****XX*1000010602~
DTM*232*20260109~
DTM*233*20260110~
SVC*HC:01967:TC*1000.00*509.48**2~
DTM*472*20260109~
CAS*CO*45*300.75*2~
CAS*PR*2*189.77*2~
REF*6R*LNCLM110060100~
AMT*B6*699.25~
LQ*HE*N95~
PLB*448940240*20261231*FB*-426.32~
SE*49*110603~
GE*1*110602~
IEA*1*000110601~