ISA*00*          *00*          *ZZ*62308          *ZZ*1000019002     *20251202*2335*^*00501*006000010*0*P*:~
GS*HP*62308*1000019002*20251202*2335*60010*X*005010X221A1~
ST*835*00060010~
BPR*H*0.00*C*NON************20251202~
TRN*1*TRC060109997*162308~
DTM*405*20251202~
N1*PR*Cigna*XV*62308~
N3*PO Box 45953~
N4*Nashville*TN*37201~
N1*PE*Sarah Scott, MD*XX*1000019002~
N3*1853 Elm Blvd~
N4*Chicago*IL*60601~
REF*TJ*686799151~
CLP*CLM0601000*4*450.00*0.00*0.00*PPO*PYR0601000712~
CAS*OA*109*450.00~
NM1*QC*1*Hall*Ronald****MI*MEM96058458~
NM1*82*1*Scott*Sarah****XX*1000019002~
DTM*232*20250929~
DTM*233*20250929~
SVC*HC:73721*450.00*0.00**3~
CAS*OA*109*450.00~
DTM*472*20250929~
REF*6R*LNCLM06010009030~
AMT*B6*0.00~
LQ*HE*N381~
CLP*CLM0601001*4*425.00*0.00*0.00*PPO*PYR0601001404~
CAS*PI*109*425.00~
NM1*QC*1*Scott*Laura****MI*GRP79275375~
NM1*82*1*Scott*Sarah****XX*1000019002~
DTM*232*20251207~
DTM*233*20251207~
SVC*HC:71260*425.00*0.00**2~
CAS*PI*109*425.00~
DTM*472*20251207~
REF*6R*LNCLM06010012885~
AMT*B6*0.00~
LQ*HE*N381~
CLP*CLM0601002*4*425.00*0.00*0.00*PPO*PYR0601002405~
CAS*PI*96*425.00~
NM1*QC*1*Rivera*Linda****MI*GRP35682510~
NM1*82*1*Scott*Sarah****XX*1000019002~
DTM*232*20251129~
DTM*233*20251129~
SVC*HC:71260*425.00*0.00**1~
CAS*PI*96*425.00~
DTM*472*20251129~
REF*6R*LNCLM06010029918~
AMT*B6*0.00~
LQ*HE*N381~
SE*48*00060010~
GE*1*60010~
IEA*1*006000010~