ISA*00*          *00*          *ZZ*99726          *ZZ*1000016802     *20251220*2335*^*00501*006000008*0*P*:~
GS*HP*99726*1000016802*20251220*2335*60008*X*005010X221A1~
ST*835*00060008~
BPR*H*0.00*C*NON************20251220~
TRN*1*TRC060082062*199726~
DTM*405*20251220~
N1*PR*Tricare*XV*99726~
N3*PO Box 92368~
N4*Chicago*IL*60601~
N1*PE*William Wright, MD*XX*1000016802~
N3*1673 Cedar Ln~
N4*San Jose*CA*95101~
REF*TJ*117319181~
CLP*CLM0600800*4*350.00*0.00*0.00*Government*PYR0600800961~
CAS*CO*197*350.00~
NM1*QC*1*Sanchez*Joseph****MI*PLN19117217~
NM1*82*1*Wright*William****XX*1000016802~
DTM*232*20251104~
DTM*233*20251104~
SVC*HC:77386*350.00*0.00**1~
CAS*CO*197*350.00~
DTM*472*20251104~
REF*6R*LNCLM06008005022~
AMT*B6*0.00~
LQ*HE*MA130~
CLP*CLM0600801*4*45.00*0.00*0.00*Government*PYR0600801858~
CAS*CO*50*45.00~
NM1*QC*1*Green*Kenneth****MI*INS21305801~
NM1*82*1*Wright*William****XX*1000016802~
DTM*232*20251015~
DTM*233*20251015~
SVC*HC:71046*45.00*0.00**1~
CAS*CO*50*45.00~
DTM*472*20251015~
REF*6R*LNCLM06008011105~
AMT*B6*0.00~
LQ*HE*MA130~
CLP*CLM0600802*4*500.00*0.00*0.00*Government*PYR0600802207~
CAS*CO*197*500.00~
NM1*QC*1*Brown*Linda****MI*GRP54309160~
NM1*82*1*Wright*William****XX*1000016802~
DTM*232*20251030~
DTM*233*20251030~
SVC*HC:72148*500.00*0.00**3~
CAS*CO*197*500.00~
DTM*472*20251030~
REF*6R*LNCLM06008029779~
AMT*B6*0.00~
LQ*HE*MA130~
SE*48*00060008~
GE*1*60008~
IEA*1*006000008~