ISA*00*          *00*          *ZZ*61101          *ZZ*1000016702     *20260125*2335*^*00501*006000007*0*P*:~
GS*HP*61101*1000016702*20260125*2335*60007*X*005010X221A1~
ST*835*00060007~
BPR*H*0.00*C*NON************20260125~
TRN*1*TRC060074140*161101~
DTM*405*20260125~
N1*PR*Humana*XV*61101~
N3*PO Box 79697~
N4*Dallas*TX*75201~
N1*PE*Stephen Garcia, DO FACP*XX*1000016702~
N3*5527 Elm Blvd~
N4*Houston*TX*77001~
REF*TJ*904523323~
CLP*CLM0600700*4*225.00*0.00*0.00*HMO*PYR0600700467~
CAS*PI*50*225.00~
NM1*QC*1*Allen*Sandra****MI*INS23582809~
NM1*82*1*Garcia*Stephen****XX*1000016702~
DTM*232*20250904~
DTM*233*20250905~
SVC*HC:76830*225.00*0.00**1~
CAS*PI*50*225.00~
DTM*472*20250904~
REF*6R*LNCLM06007001615~
AMT*B6*0.00~
LQ*HE*MA130~
CLP*CLM0600701*4*425.00*0.00*0.00*HMO*PYR0600701975~
CAS*PI*197*425.00~
NM1*QC*1*Hernandez*Dorothy****MI*INS12273271~
NM1*82*1*Garcia*Stephen****XX*1000016702~
DTM*232*20250923~
DTM*233*20250923~
SVC*HC:73221*425.00*0.00**1~
CAS*PI*197*425.00~
DTM*472*20250923~
REF*6R*LNCLM06007017494~
AMT*B6*0.00~
LQ*HE*MA130~
CLP*CLM0600702*4*225.00*0.00*0.00*HMO*PYR0600702555~
CAS*PI*50*225.00~
NM1*QC*1*Harris*Sharon****MI*PLN59793661~
NM1*82*1*Garcia*Stephen****XX*1000016702~
DTM*232*20251017~
DTM*233*20251017~
SVC*HC:76830*225.00*0.00**1~
CAS*PI*50*225.00~
DTM*472*20251017~
REF*6R*LNCLM06007027439~
AMT*B6*0.00~
LQ*HE*MA130~
SE*48*00060007~
GE*1*60007~
IEA*1*006000007~