ISA*00*          *00*          *ZZ*ANTM1          *ZZ*1000010302     *20251214*2335*^*00501*006000003*0*P*:~
GS*HP*ANTM1*1000010302*20251214*2335*60003*X*005010X221A1~
ST*835*00060003~
BPR*H*0.00*C*NON************20251214~
TRN*1*TRC060036696*1ANTM1~
DTM*405*20251214~
N1*PR*Anthem*XV*ANTM1~
N3*PO Box 56804~
N4*Nashville*TN*37201~
N1*PE*Laura Scott, MD*XX*1000010302~
N3*2806 Washington Ave~
N4*Los Angeles*CA*90001~
REF*TJ*292860997~
CLP*CLM0600300*4*425.00*0.00*0.00*PPO*PYR0600300206~
CAS*OA*31*425.00~
NM1*QC*1*Smith*Brian****MI*INS36357081~
NM1*82*1*Scott*Laura****XX*1000010302~
DTM*232*20251124~
DTM*233*20251124~
SVC*HC:73221*425.00*0.00**1~
CAS*OA*31*425.00~
DTM*472*20251124~
REF*6R*LNCLM06003005795~
AMT*B6*0.00~
LQ*HE*N362~
CLP*CLM0600301*4*450.00*0.00*0.00*PPO*PYR0600301296~
CAS*OA*27*450.00~
NM1*QC*1*Jackson*Mark****MI*MEM44530034~
NM1*82*1*Scott*Laura****XX*1000010302~
DTM*232*20260108~
DTM*233*20260108~
SVC*HC:73721*450.00*0.00**3~
CAS*OA*27*450.00~
DTM*472*20260108~
REF*6R*LNCLM06003014806~
AMT*B6*0.00~
LQ*HE*N362~
CLP*CLM0600302*4*425.00*0.00*0.00*PPO*PYR0600302897~
CAS*OA*27*425.00~
NM1*QC*1*Brown*Ashley****MI*INS29298366~
NM1*82*1*Scott*Laura****XX*1000010302~
DTM*232*20251115~
DTM*233*20251116~
SVC*HC:73221*425.00*0.00**1~
CAS*OA*27*425.00~
DTM*472*20251115~
REF*6R*LNCLM06003023219~
AMT*B6*0.00~
LQ*HE*N362~
SE*48*00060003~
GE*1*60003~
IEA*1*006000003~