ISA*00*          *00*          *ZZ*ANTM1          *ZZ*1000022102     *20260111*2335*^*00501*006000011*0*P*:~
GS*HP*ANTM1*1000022102*20260111*2335*60011*X*005010X221A1~
ST*835*00060011~
BPR*H*385.86*C*NON************20260111~
TRN*1*TRC060114094*1ANTM1~
DTM*405*20260111~
N1*PR*Anthem*XV*ANTM1~
N3*PO Box 87761~
N4*New York*NY*10001~
N1*PE*Jennifer Kim, MD*XX*1000022102~
N3*5574 College Ave~
N4*San Antonio*TX*78201~
REF*TJ*126136195~
CLP*CLM0601100*4*425.00*0.00*0.00*PPO*PYR0601100715~
CAS*CO*197*425.00~
NM1*QC*1*Martinez*Rebecca****MI*MEM10959938~
NM1*82*1*Kim*Jennifer****XX*1000022102~
DTM*232*20251013~
DTM*233*20251014~
SVC*HC:71260*425.00*0.00**1~
CAS*CO*197*425.00~
DTM*472*20251013~
REF*6R*LNCLM06011005550~
AMT*B6*0.00~
LQ*HE*N386~
CLP*CLM0601101*4*650.00*0.00*0.00*PPO*PYR0601101300~
CAS*OA*109*650.00~
NM1*QC*1*Clark*Michelle****MI*GRP77071223~
NM1*82*1*Kim*Jennifer****XX*1000022102~
DTM*232*20251213~
DTM*233*20251213~
SVC*HC:70553*650.00*0.00**2~
CAS*OA*109*650.00~
DTM*472*20251213~
REF*6R*LNCLM06011018483~
AMT*B6*0.00~
LQ*HE*N362~
CLP*CLM0601102*4*475.00*0.00*45.65*PPO*PYR0601102625~
CAS*OA*167*429.35~
CAS*PR*2*45.65~
NM1*QC*1*Lee*Edward****MI*PLN48257096~
NM1*82*1*Kim*Jennifer****XX*1000022102~
DTM*232*20250926~
DTM*233*20250926~
SVC*HC:74177*475.00*0.00**2~
CAS*OA*167*429.35~
CAS*PR*2*45.65~
DTM*472*20250926~
REF*6R*LNCLM06011024425~
AMT*B6*0.00~
LQ*HE*N479~
CLP*CLM0601103*2*225.00*93.02*37.16*PPO*PYR0601103681~
CAS*OA*11*94.82~
CAS*PR*3*37.16~
NM1*QC*1*Taylor*William****MI*INS65138168~
NM1*82*1*Kim*Jennifer****XX*1000022102~
DTM*232*20251210~
DTM*233*20251210~
SVC*HC:76830*225.00*93.02**2~
CAS*OA*11*94.82~
CAS*PR*3*37.16~
DTM*472*20251210~
REF*6R*LNCLM06011034608~
AMT*B6*130.18~
LQ*HE*N362~
CLP*CLM0601104*2*475.00*204.48*33.05*PPO*PYR0601104253~
CAS*CO*97*237.47~
CAS*PR*2*33.05~
NM1*QC*1*Rodriguez*Cynthia****MI*PLN93827909~
NM1*82*1*Kim*Jennifer****XX*1000022102~
DTM*232*20260118~
DTM*233*20260119~
SVC*HC:74177*475.00*204.48**1~
CAS*CO*97*237.47~
CAS*PR*2*33.05~
DTM*472*20260118~
REF*6R*LNCLM06011048545~
AMT*B6*237.53~
LQ*HE*N362~
CLP*CLM0601105*2*225.00*88.36*19.38*PPO*PYR0601105284~
CAS*CO*109*117.26~
CAS*PR*2*19.38~
NM1*QC*1*Gonzalez*Steven****MI*PLN72990356~
NM1*82*1*Kim*Jennifer****XX*1000022102~
DTM*232*20251109~
DTM*233*20251109~
SVC*HC:76830*225.00*88.36**1~
CAS*CO*109*117.26~
CAS*PR*2*19.38~
DTM*472*20251109~
REF*6R*LNCLM06011054365~
AMT*B6*107.74~
LQ*HE*N479~
SE*92*00060011~
GE*1*60011~
IEA*1*006000011~