ISA*00*          *00*          *ZZ*62308          *ZZ*1000013502     *20251123*2335*^*00501*006000005*0*P*:~
GS*HP*62308*1000013502*20251123*2335*60005*X*005010X221A1~
ST*835*00060005~
BPR*H*0.00*C*NON************20251123~
TRN*1*TRC060053659*162308~
DTM*405*20251123~
N1*PR*Cigna*XV*62308~
N3*PO Box 12125~
N4*Phoenix*AZ*85001~
N1*PE*Patricia Lewis, MD PhD*XX*1000013502~
N3*7345 Meadow Ln~
N4*Nashville*TN*37201~
REF*TJ*249186023~
CLP*CLM0600500*4*475.00*0.00*0.00*PPO*PYR0600500990~
CAS*CO*4*475.00~
NM1*QC*1*Flores*Daniel****MI*GRP29967999~
NM1*82*1*Lewis*Patricia****XX*1000013502~
DTM*232*20251006~
DTM*233*20251006~
SVC*HC:70551*475.00*0.00**1~
CAS*CO*4*475.00~
DTM*472*20251006~
REF*6R*LNCLM06005002211~
AMT*B6*0.00~
LQ*HE*N386~
CLP*CLM0600501*4*350.00*0.00*0.00*PPO*PYR0600501715~
CAS*CO*4*350.00~
NM1*QC*1*Clark*James****MI*PLN93430850~
NM1*82*1*Lewis*Patricia****XX*1000013502~
DTM*232*20250909~
DTM*233*20250909~
SVC*HC:71250*350.00*0.00**1~
CAS*CO*4*350.00~
DTM*472*20250909~
REF*6R*LNCLM06005019991~
AMT*B6*0.00~
LQ*HE*N386~
CLP*CLM0600502*4*475.00*0.00*0.00*PPO*PYR0600502944~
CAS*CO*11*475.00~
NM1*QC*1*White*Barbara****MI*GRP70167596~
NM1*82*1*Lewis*Patricia****XX*1000013502~
DTM*232*20250909~
DTM*233*20250909~
SVC*HC:70551*475.00*0.00**1~
CAS*CO*11*475.00~
DTM*472*20250909~
REF*6R*LNCLM06005025182~
AMT*B6*0.00~
LQ*HE*N386~
SE*48*00060005~
GE*1*60005~
IEA*1*006000005~