ISA*00*          *00*          *ZZ*87726          *ZZ*1000013402     *20251228*2335*^*00501*006000004*0*P*:~
GS*HP*87726*1000013402*20251228*2335*60004*X*005010X221A1~
ST*835*00060004~
BPR*H*0.00*C*NON************20251228~
TRN*1*TRC060042397*187726~
DTM*405*20251228~
N1*PR*UnitedHealthcare*XV*87726~
N3*PO Box 62726~
N4*Houston*TX*77001~
N1*PE*Thomas Nguyen, MD*XX*1000013402~
N3*385 Forest Dr~
N4*San Diego*CA*92101~
REF*TJ*935838172~
CLP*CLM0600400*4*225.00*0.00*0.00*PPO*PYR0600400672~
CAS*CO*97*225.00~
NM1*QC*1*Hill*Cynthia****MI*INS73563686~
NM1*82*1*Nguyen*Thomas****XX*1000013402~
DTM*232*20251011~
DTM*233*20251012~
SVC*HC:76830*225.00*0.00**3~
CAS*CO*97*225.00~
DTM*472*20251011~
REF*6R*LNCLM06004002929~
AMT*B6*0.00~
LQ*HE*N386~
CLP*CLM0600401*4*225.00*0.00*0.00*PPO*PYR0600401742~
CAS*CO*97*225.00~
NM1*QC*1*Miller*Patricia****MI*MEM73193724~
NM1*82*1*Nguyen*Thomas****XX*1000013402~
DTM*232*20260112~
DTM*233*20260112~
SVC*HC:76830*225.00*0.00**1~
CAS*CO*97*225.00~
DTM*472*20260112~
REF*6R*LNCLM06004015546~
AMT*B6*0.00~
LQ*HE*N386~
CLP*CLM0600402*4*425.00*0.00*0.00*PPO*PYR0600402548~
CAS*CO*97*425.00~
NM1*QC*1*King*Lisa****MI*PLN76580425~
NM1*82*1*Nguyen*Thomas****XX*1000013402~
DTM*232*20250906~
DTM*233*20250907~
SVC*HC:71260*425.00*0.00**1~
CAS*CO*97*425.00~
DTM*472*20250906~
REF*6R*LNCLM06004028506~
AMT*B6*0.00~
LQ*HE*N386~
SE*48*00060004~
GE*1*60004~
IEA*1*006000004~