ISA*00*          *00*          *ZZ*60054          *ZZ*1000010202     *20260113*2335*^*00501*006000002*0*P*:~
GS*HP*60054*1000010202*20260113*2335*60002*X*005010X221A1~
ST*835*00060002~
BPR*H*0.00*C*NON************20260113~
TRN*1*TRC060022433*160054~
DTM*405*20260113~
N1*PR*Aetna*XV*60054~
N3*PO Box 91145~
N4*Dallas*TX*75201~
N1*PE*Richard Wright, MD PhD*XX*1000010202~
N3*374 Maple Dr~
N4*Philadelphia*PA*19101~
REF*TJ*321789514~
CLP*CLM0600200*4*475.00*0.00*0.00*PPO*PYR0600200269~
CAS*CO*31*475.00~
NM1*QC*1*Young*George****MI*INS95090808~
NM1*82*1*Wright*Richard****XX*1000010202~
DTM*232*20251026~
DTM*233*20251027~
SVC*HC:74177*475.00*0.00**1~
CAS*CO*31*475.00~
DTM*472*20251026~
REF*6R*LNCLM06002008389~
AMT*B6*0.00~
LQ*HE*N362~
CLP*CLM0600201*4*175.00*0.00*0.00*PPO*PYR0600201289~
CAS*CO*22*175.00~
NM1*QC*1*Nelson*Joshua****MI*PLN88369750~
NM1*82*1*Wright*Richard****XX*1000010202~
DTM*232*20251201~
DTM*233*20251201~
SVC*HC:77067*175.00*0.00**1~
CAS*CO*22*175.00~
DTM*472*20251201~
REF*6R*LNCLM06002018485~
AMT*B6*0.00~
LQ*HE*N362~
SE*36*00060002~
GE*1*60002~
IEA*1*006000002~