ISA*00*          *00*          *ZZ*99726          *ZZ*1000013602     *20260126*2335*^*00501*006000006*0*P*:~
GS*HP*99726*1000013602*20260126*2335*60006*X*005010X221A1~
ST*835*00060006~
BPR*H*0.00*C*NON************20260126~
TRN*1*TRC060061505*199726~
DTM*405*20260126~
N1*PR*Tricare*XV*99726~
N3*PO Box 14992~
N4*Charlotte*NC*28201~
N1*PE*Karen Kim, MD*XX*1000013602~
N3*7607 Highland Ave~
N4*Fort Worth*TX*76101~
REF*TJ*972049128~
CLP*CLM0600600*4*425.00*0.00*0.00*Government*PYR0600600725~
CAS*CO*97*425.00~
NM1*QC*1*Baker*Christopher****MI*GRP29186829~
NM1*82*1*Kim*Karen****XX*1000013602~
DTM*232*20250921~
DTM*233*20250921~
SVC*HC:71260*425.00*0.00**2~
CAS*CO*97*425.00~
DTM*472*20250921~
REF*6R*LNCLM06006009898~
AMT*B6*0.00~
LQ*HE*N386~
CLP*CLM0600601*4*650.00*0.00*0.00*Government*PYR0600601458~
CAS*CO*97*650.00~
NM1*QC*1*Hill*Daniel****MI*PLN62805699~
NM1*82*1*Kim*Karen****XX*1000013602~
DTM*232*20251023~
DTM*233*20251024~
SVC*HC:70553*650.00*0.00**2~
CAS*CO*97*650.00~
DTM*472*20251023~
REF*6R*LNCLM06006017976~
AMT*B6*0.00~
LQ*HE*N386~
SE*36*00060006~
GE*1*60006~
IEA*1*006000006~