ISA*00*          *00*          *ZZ*BCBS1          *ZZ*1000018902     *20260208*2335*^*00501*006000009*0*P*:~
GS*HP*BCBS1*1000018902*20260208*2335*60009*X*005010X221A1~
ST*835*00060009~
BPR*H*0.00*C*NON************20260208~
TRN*1*TRC060099616*1BCBS1~
DTM*405*20260208~
N1*PR*Blue Cross Blue Shield*XV*BCBS1~
N3*PO Box 46381~
N4*Los Angeles*CA*90001~
N1*PE*Angela Anderson, MD FACS*XX*1000018902~
N3*1200 Church St~
N4*Dallas*TX*75201~
REF*TJ*803945102~
CLP*CLM0600900*4*400.00*0.00*0.00*HMO*PYR0600900375~
CAS*PI*96*400.00~
NM1*QC*1*Perez*Charles****MI*MEM12249269~
NM1*82*1*Anderson*Angela****XX*1000018902~
DTM*232*20250927~
DTM*233*20250927~
SVC*HC:74176*400.00*0.00**1~
CAS*PI*96*400.00~
DTM*472*20250927~
REF*6R*LNCLM06009009438~
AMT*B6*0.00~
LQ*HE*N381~
CLP*CLM0600901*4*425.00*0.00*0.00*HMO*PYR0600901208~
CAS*OA*96*425.00~
NM1*QC*1*Gonzalez*Laura****MI*GRP75559104~
NM1*82*1*Anderson*Angela****XX*1000018902~
DTM*232*20250913~
DTM*233*20250913~
SVC*HC:71260*425.00*0.00**1~
CAS*OA*96*425.00~
DTM*472*20250913~
REF*6R*LNCLM06009014238~
AMT*B6*0.00~
LQ*HE*N381~
CLP*CLM0600902*4*425.00*0.00*0.00*HMO*PYR0600902865~
CAS*OA*222*425.00~
NM1*QC*1*Ramirez*Margaret****MI*MEM66377011~
NM1*82*1*Anderson*Angela****XX*1000018902~
DTM*232*20260121~
DTM*233*20260122~
SVC*HC:73221*425.00*0.00**1~
CAS*OA*222*425.00~
DTM*472*20260121~
REF*6R*LNCLM06009026062~
AMT*B6*0.00~
LQ*HE*N381~
SE*48*00060009~
GE*1*60009~
IEA*1*006000009~