ISA*00*          *00*          *ZZ*87726          *ZZ*1000010102     *20260105*2335*^*00501*006000001*0*P*:~
GS*HP*87726*1000010102*20260105*2335*60001*X*005010X221A1~
ST*835*00060001~
BPR*H*0.00*C*NON************20260105~
TRN*1*TRC060012795*187726~
DTM*405*20260105~
N1*PR*UnitedHealthcare*XV*87726~
N3*PO Box 91477~
N4*Dallas*TX*75201~
N1*PE*Sarah Robinson, MD*XX*1000010102~
N3*1401 Church St~
N4*Houston*TX*77001~
REF*TJ*919189251~
CLP*CLM0600100*4*650.00*0.00*0.00*PPO*PYR0600100238~
CAS*OA*22*650.00~
NM1*QC*1*Thompson*Steven****MI*PLN52545324~
NM1*82*1*Robinson*Sarah****XX*1000010102~
DTM*232*20250917~
DTM*233*20250918~
SVC*HC:70553*650.00*0.00**1~
CAS*OA*22*650.00~
DTM*472*20250917~
REF*6R*LNCLM06001001331~
AMT*B6*0.00~
LQ*HE*N362~
CLP*CLM0600101*4*450.00*0.00*0.00*PPO*PYR0600101695~
CAS*CO*31*450.00~
NM1*QC*1*Harris*James****MI*PLN98499951~
NM1*82*1*Robinson*Sarah****XX*1000010102~
DTM*232*20250929~
DTM*233*20250930~
SVC*HC:73721*450.00*0.00**1~
CAS*CO*31*450.00~
DTM*472*20250929~
REF*6R*LNCLM06001011187~
AMT*B6*0.00~
LQ*HE*N362~
CLP*CLM0600102*4*450.00*0.00*0.00*PPO*PYR0600102997~
CAS*OA*31*450.00~
NM1*QC*1*Williams*Anthony****MI*GRP96757409~
NM1*82*1*Robinson*Sarah****XX*1000010102~
DTM*232*20251219~
DTM*233*20251219~
SVC*HC:73721*450.00*0.00**1~
CAS*OA*31*450.00~
DTM*472*20251219~
REF*6R*LNCLM06001021075~
AMT*B6*0.00~
LQ*HE*N362~
SE*48*00060001~
GE*1*60001~
IEA*1*006000001~