ISA*00*          *00*          *ZZ*61101          *ZZ*1000022202     *20251203*2335*^*00501*006000012*0*P*:~
GS*HP*61101*1000022202*20251203*2335*60012*X*005010X221A1~
ST*835*00060012~
BPR*H*0.00*C*NON************20251203~
TRN*1*TRC060121212*161101~
DTM*405*20251203~
N1*PR*Humana*XV*61101~
N3*PO Box 46754~
N4*Columbus*OH*43085~
N1*PE*Laura Chen, DO*XX*1000022202~
N3*9550 College Ave~
N4*San Antonio*TX*78201~
REF*TJ*232747762~
CLP*CLM0601200*4*425.00*0.00*0.00*HMO*PYR0601200205~
CAS*PI*31*425.00~
NM1*QC*1*Adams*Kimberly****MI*INS17234019~
NM1*82*1*Chen*Laura****XX*1000022202~
DTM*232*20251012~
DTM*233*20251012~
SVC*HC:73221*425.00*0.00**1~
CAS*PI*31*425.00~
DTM*472*20251012~
REF*6R*LNCLM06012007404~
AMT*B6*0.00~
LQ*HE*N386~
CLP*CLM0601201*4*350.00*0.00*43.48*HMO*PYR0601201176~
CAS*OA*27*306.52~
CAS*PR*3*43.48~
NM1*QC*1*Moore*Donna****MI*MEM96502771~
NM1*82*1*Chen*Laura****XX*1000022202~
DTM*232*20251027~
DTM*233*20251027~
SVC*HC:77386*350.00*0.00**1~
CAS*OA*27*306.52~
CAS*PR*3*43.48~
DTM*472*20251027~
REF*6R*LNCLM06012013271~
AMT*B6*0.00~
LQ*HE*N362~
CLP*CLM0601202*4*475.00*0.00*49.84*HMO*PYR0601202672~
CAS*OA*222*425.16~
CAS*PR*3*49.84~
NM1*QC*1*Scott*Betty****MI*PLN94507253~
NM1*82*1*Chen*Laura****XX*1000022202~
DTM*232*20251012~
DTM*233*20251013~
SVC*HC:70551*475.00*0.00**1~
CAS*OA*222*425.16~
CAS*PR*3*49.84~
DTM*472*20251012~
REF*6R*LNCLM06012027542~
AMT*B6*0.00~
LQ*HE*M15~
CLP*CLM0601203*4*125.00*0.00*0.00*HMO*PYR0601203778~
CAS*OA*97*125.00~
NM1*QC*1*Taylor*Anthony****MI*MEM73750711~
NM1*82*1*Chen*Laura****XX*1000022202~
DTM*232*20251119~
DTM*233*20251120~
SVC*HC:76942*125.00*0.00**2~
CAS*OA*97*125.00~
DTM*472*20251119~
REF*6R*LNCLM06012033322~
AMT*B6*0.00~
LQ*HE*N362~
CLP*CLM0601204*4*475.00*0.00*0.00*HMO*PYR0601204931~
CAS*CO*97*475.00~
NM1*QC*1*Anderson*Richard****MI*PLN44330325~
NM1*82*1*Chen*Laura****XX*1000022202~
DTM*232*20250909~
DTM*233*20250910~
SVC*HC:74177*475.00*0.00**1~
CAS*CO*97*475.00~
DTM*472*20250909~
REF*6R*LNCLM06012047639~
AMT*B6*0.00~
LQ*HE*MA04~
SE*76*00060012~
GE*1*60012~
IEA*1*006000012~