ISA*00*          *00*          *ZZ*MDCD           *ZZ*1000043402     *20260118*2335*^*00501*014000004*0*P*:~
GS*HP*MDCD*1000043402*20260118*2335*140004*X*005010X221A1~
ST*835*00140004~
BPR*H*0.00*C*NON************20260118~
TRN*1*TRC140042884*1MDCD~
DTM*405*20260118~
N1*PR*Medicaid*XV*MDCD~
N3*PO Box 53538~
N4*Los Angeles*CA*90001~
N1*PE*Maria Brown, MD*XX*1000043402~
N3*7071 Cedar Ln~
N4*Jacksonville*FL*32099~
REF*TJ*143400266~
CLP*CLM1400400*4*22.00*0.00*0.00*Medicaid*PYR1400400883~
CAS*CO*11*22.00~
NM1*QC*1*Jones*Ronald****MI*INS59529113~
NM1*82*1*Brown*Maria****XX*1000043402~
DTM*232*20251203~
DTM*233*20251203~
SVC*HC:82607*22.00*0.00**1~
CAS*CO*11*22.00~
DTM*472*20251203~
REF*6R*LNCLM14004003141~
AMT*B6*0.00~
LQ*HE*N386~
CLP*CLM1400401*4*22.00*0.00*0.00*Medicaid*PYR1400401321~
CAS*CO*4*22.00~
NM1*QC*1*Scott*Paul****MI*GRP87450913~
NM1*82*1*Brown*Maria****XX*1000043402~
DTM*232*20260111~
DTM*233*20260111~
SVC*HC:82607*22.00*0.00**1~
CAS*CO*4*22.00~
DTM*472*20260111~
REF*6R*LNCLM14004012707~
AMT*B6*0.00~
LQ*HE*N386~
SE*36*00140004~
GE*1*140004~
IEA*1*014000004~