ISA*00*          *00*          *ZZ*87726          *ZZ*1000040102     *20251223*2335*^*00501*014000001*0*P*:~
GS*HP*87726*1000040102*20251223*2335*140001*X*005010X221A1~
ST*835*00140001~
BPR*H*0.00*C*NON************20251223~
TRN*1*TRC140018806*187726~
DTM*405*20251223~
N1*PR*UnitedHealthcare*XV*87726~
N3*PO Box 94173~
N4*New York*NY*10001~
N1*PE*William Brown, DO*XX*1000040102~
N3*505 College Ave~
N4*Portland*OR*97201~
REF*TJ*868218500~
CLP*CLM1400100*4*20.00*0.00*0.00*PPO*PYR1400100896~
CAS*OA*22*20.00~
NM1*QC*1*Davis*Donald****MI*INS79101056~
NM1*82*1*Brown*William****XX*1000040102~
DTM*232*20251211~
DTM*233*20251212~
SVC*HC:83036*20.00*0.00**1~
CAS*OA*22*20.00~
DTM*472*20251211~
REF*6R*LNCLM14001004907~
AMT*B6*0.00~
LQ*HE*N362~
CLP*CLM1400101*4*35.00*0.00*0.00*PPO*PYR1400101359~
CAS*CO*31*35.00~
NM1*QC*1*Brown*Edward****MI*MEM45600849~
NM1*82*1*Brown*William****XX*1000040102~
DTM*232*20251104~
DTM*233*20251104~
SVC*HC:87491*35.00*0.00**1~
CAS*CO*31*35.00~
DTM*472*20251104~
REF*6R*LNCLM14001015843~
AMT*B6*0.00~
LQ*HE*N362~
CLP*CLM1400102*4*18.00*0.00*0.00*PPO*PYR1400102910~
CAS*OA*22*18.00~
NM1*QC*1*Torres*Timothy****MI*INS22675605~
NM1*82*1*Brown*William****XX*1000040102~
DTM*232*20251106~
DTM*233*20251106~
SVC*HC:87086*18.00*0.00**3~
CAS*OA*22*18.00~
DTM*472*20251106~
REF*6R*LNCLM14001025517~
AMT*B6*0.00~
LQ*HE*N362~
SE*48*00140001~
GE*1*140001~
IEA*1*014000001~