ISA*00*          *00*          *ZZ*MDCD           *ZZ*1000002202     *20251219*2335*^*00501*014000012*0*P*:~
GS*HP*MDCD*1000002202*20251219*2335*140012*X*005010X221A1~
ST*835*00140012~
BPR*H*23.46*C*NON************20251219~
TRN*1*TRC140123137*1MDCD~
DTM*405*20251219~
N1*PR*Medicaid*XV*MDCD~
N3*PO Box 52036~
N4*Denver*CO*80201~
N1*PE*David Chen, DO FACP*XX*1000002202~
N3*6720 Maple Dr~
N4*Seattle*WA*98101~
REF*TJ*914114424~
CLP*CLM1401200*4*25.00*0.00*1.39*Medicaid*PYR1401200943~
CAS*PI*11*23.61~
CAS*PR*3*1.39~
NM1*QC*1*Rivera*Joshua****MI*PLN34326626~
NM1*82*1*Chen*David****XX*1000002202~
DTM*232*20250926~
DTM*233*20250927~
SVC*HC:84443*25.00*0.00**1~
CAS*PI*11*23.61~
CAS*PR*3*1.39~
DTM*472*20250926~
REF*6R*LNCLM14012007290~
AMT*B6*0.00~
LQ*HE*M15~
CLP*CLM1401201*4*18.00*0.00*0.00*Medicaid*PYR1401201672~
CAS*OA*31*18.00~
NM1*QC*1*Walker*Kimberly****MI*GRP72868431~
NM1*82*1*Chen*David****XX*1000002202~
DTM*232*20250917~
DTM*233*20250917~
SVC*HC:80048*18.00*0.00**1~
CAS*OA*31*18.00~
DTM*472*20250917~
REF*6R*LNCLM14012018319~
AMT*B6*0.00~
LQ*HE*N381~
CLP*CLM1401202*2*8.00*1.91*0.71*Medicaid*PYR1401202169~
CAS*CO*11*5.38~
CAS*PR*3*0.71~
NM1*QC*1*Brown*Linda****MI*GRP68533411~
NM1*82*1*Chen*David****XX*1000002202~
DTM*232*20251121~
DTM*233*20251122~
SVC*HC:82947*8.00*1.91**2~
CAS*CO*11*5.38~
CAS*PR*3*0.71~
DTM*472*20251121~
REF*6R*LNCLM14012024717~
AMT*B6*2.62~
LQ*HE*N95~
CLP*CLM1401203*2*12.00*4.20*1.60*Medicaid*PYR1401203151~
CAS*PI*167*6.20~
CAS*PR*3*1.60~
NM1*QC*1*Flores*Kenneth****MI*PLN30541142~
NM1*82*1*Chen*David****XX*1000002202~
DTM*232*20260112~
DTM*233*20260112~
SVC*HC:85027*12.00*4.20**1~
CAS*PI*167*6.20~
CAS*PR*3*1.60~
DTM*472*20260112~
REF*6R*LNCLM14012032414~
AMT*B6*5.80~
LQ*HE*N479~
CLP*CLM1401204*2*45.00*17.35*5.56*Medicaid*PYR1401204499~
CAS*CO*167*22.09~
CAS*PR*1*5.56~
NM1*QC*1*Anderson*Deborah****MI*INS18567578~
NM1*82*1*Chen*David****XX*1000002202~
DTM*232*20250910~
DTM*233*20250910~
SVC*HC:82306*45.00*17.35**1~
CAS*CO*167*22.09~
CAS*PR*1*5.56~
DTM*472*20250910~
REF*6R*LNCLM14012048566~
AMT*B6*22.91~
LQ*HE*M15~
CLP*CLM1401205*4*10.00*0.00*0.94*Medicaid*PYR1401205992~
CAS*OA*27*9.06~
CAS*PR*3*0.94~
NM1*QC*1*Perez*Joshua****MI*MEM50955397~
NM1*82*1*Chen*David****XX*1000002202~
DTM*232*20250916~
DTM*233*20250916~
SVC*HC:81001*10.00*0.00**1~
CAS*OA*27*9.06~
CAS*PR*3*0.94~
DTM*472*20250916~
REF*6R*LNCLM14012052290~
AMT*B6*0.00~
LQ*HE*N362~
SE*94*00140012~
GE*1*140012~
IEA*1*014000012~