ISA*00*          *00*          *ZZ*MDCD           *ZZ*1000046802     *20260129*2335*^*00501*014000008*0*P*:~
GS*HP*MDCD*1000046802*20260129*2335*140008*X*005010X221A1~
ST*835*00140008~
BPR*H*0.00*C*NON************20260129~
TRN*1*TRC140086135*1MDCD~
DTM*405*20260129~
N1*PR*Medicaid*XV*MDCD~
N3*PO Box 80512~
N4*San Diego*CA*92101~
N1*PE*Angela Brown, MD*XX*1000046802~
N3*2889 Park Dr~
N4*New York*NY*10001~
REF*TJ*524975958~
CLP*CLM1400800*4*25.00*0.00*0.00*Medicaid*PYR1400800271~
CAS*PI*50*25.00~
NM1*QC*1*Rivera*Cynthia****MI*GRP68117827~
NM1*82*1*Brown*Angela****XX*1000046802~
DTM*232*20250925~
DTM*233*20250925~
SVC*HC:80053*25.00*0.00**2~
CAS*PI*50*25.00~
DTM*472*20250925~
REF*6R*LNCLM14008005368~
AMT*B6*0.00~
LQ*HE*MA130~
CLP*CLM1400801*4*20.00*0.00*0.00*Medicaid*PYR1400801977~
CAS*PI*50*20.00~
NM1*QC*1*Lewis*Melissa****MI*GRP28122020~
NM1*82*1*Brown*Angela****XX*1000046802~
DTM*232*20251219~
DTM*233*20251219~
SVC*HC:83036*20.00*0.00**2~
CAS*PI*50*20.00~
DTM*472*20251219~
REF*6R*LNCLM14008014109~
AMT*B6*0.00~
LQ*HE*MA130~
CLP*CLM1400802*4*20.00*0.00*0.00*Medicaid*PYR1400802250~
CAS*CO*197*20.00~
NM1*QC*1*Rivera*Dorothy****MI*INS28253985~
NM1*82*1*Brown*Angela****XX*1000046802~
DTM*232*20250902~
DTM*233*20250902~
SVC*HC:83036*20.00*0.00**1~
CAS*CO*197*20.00~
DTM*472*20250902~
REF*6R*LNCLM14008024905~
AMT*B6*0.00~
LQ*HE*MA130~
SE*48*00140008~
GE*1*140008~
IEA*1*014000008~