ISA*00*          *00*          *ZZ*61101          *ZZ*1000043602     *20260202*2335*^*00501*014000006*0*P*:~
GS*HP*61101*1000043602*20260202*2335*140006*X*005010X221A1~
ST*835*00140006~
BPR*H*0.00*C*NON************20260202~
TRN*1*TRC140063697*161101~
DTM*405*20260202~
N1*PR*Humana*XV*61101~
N3*PO Box 10893~
N4*Denver*CO*80201~
N1*PE*Michael Anderson, MD*XX*1000043602~
N3*6969 Washington Ave~
N4*Houston*TX*77001~
REF*TJ*366017024~
CLP*CLM1400600*4*12.00*0.00*0.00*HMO*PYR1400600280~
CAS*CO*167*12.00~
NM1*QC*1*Gonzalez*Steven****MI*GRP90554284~
NM1*82*1*Anderson*Michael****XX*1000043602~
DTM*232*20251114~
DTM*233*20251115~
SVC*HC:86580*12.00*0.00**1~
CAS*CO*167*12.00~
DTM*472*20251114~
REF*6R*LNCLM14006001352~
AMT*B6*0.00~
LQ*HE*N386~
CLP*CLM1400601*4*28.00*0.00*0.00*HMO*PYR1400601631~
CAS*CO*167*28.00~
NM1*QC*1*Perez*Steven****MI*PLN48472167~
NM1*82*1*Anderson*Michael****XX*1000043602~
DTM*232*20250922~
DTM*233*20250923~
SVC*HC:84153*28.00*0.00**1~
CAS*CO*167*28.00~
DTM*472*20250922~
REF*6R*LNCLM14006012261~
AMT*B6*0.00~
LQ*HE*N386~
CLP*CLM1400602*4*22.00*0.00*0.00*HMO*PYR1400602764~
CAS*CO*167*22.00~
NM1*QC*1*Lewis*Michelle****MI*MEM81046263~
NM1*82*1*Anderson*Michael****XX*1000043602~
DTM*232*20251228~
DTM*233*20251229~
SVC*HC:82607*22.00*0.00**2~
CAS*CO*167*22.00~
DTM*472*20251228~
REF*6R*LNCLM14006027683~
AMT*B6*0.00~
LQ*HE*N386~
SE*48*00140006~
GE*1*140006~
IEA*1*014000006~