ISA*00*          *00*          *ZZ*CMS            *ZZ*1000043502     *20251127*2335*^*00501*014000005*0*P*:~
GS*HP*CMS*1000043502*20251127*2335*140005*X*005010X221A1~
ST*835*00140005~
BPR*H*0.00*C*NON************20251127~
TRN*1*TRC140055774*1CMS~
DTM*405*20251127~
N1*PR*Medicare Part B*XV*CMS~
N3*PO Box 17363~
N4*New York*NY*10001~
N1*PE*Sarah Scott, MD*XX*1000043502~
N3*3998 Forest Dr~
N4*Nashville*TN*37201~
REF*TJ*576368756~
CLP*CLM1400500*4*12.00*0.00*0.00*Medicare*PYR1400500484~
CAS*CO*167*12.00~
NM1*QC*1*Baker*Nancy****MI*INS65907080~
NM1*82*1*Scott*Sarah****XX*1000043502~
DTM*232*20251211~
DTM*233*20251212~
SVC*HC:86580*12.00*0.00**1~
CAS*CO*167*12.00~
DTM*472*20251211~
REF*6R*LNCLM14005004355~
AMT*B6*0.00~
LQ*HE*N386~
CLP*CLM1400501*4*20.00*0.00*0.00*Medicare*PYR1400501677~
CAS*CO*4*20.00~
NM1*QC*1*Lewis*George****MI*GRP54168664~
NM1*82*1*Scott*Sarah****XX*1000043502~
DTM*232*20250918~
DTM*233*20250919~
SVC*HC:83036*20.00*0.00**1~
CAS*CO*4*20.00~
DTM*472*20250918~
REF*6R*LNCLM14005012937~
AMT*B6*0.00~
LQ*HE*N386~
SE*36*00140005~
GE*1*140005~
IEA*1*014000005~