ISA*00*          *00*          *ZZ*62308          *ZZ*1000049002     *20251124*2335*^*00501*014000010*0*P*:~
GS*HP*62308*1000049002*20251124*2335*140010*X*005010X221A1~
ST*835*00140010~
BPR*H*0.00*C*NON************20251124~
TRN*1*TRC140103703*162308~
DTM*405*20251124~
N1*PR*Cigna*XV*62308~
N3*PO Box 61745~
N4*Columbus*OH*43085~
N1*PE*Angela Hall, DO FACP*XX*1000049002~
N3*706 Market St~
N4*Houston*TX*77001~
REF*TJ*684091912~
CLP*CLM1401000*4*28.00*0.00*0.00*PPO*PYR1401000930~
CAS*OA*109*28.00~
NM1*QC*1*King*Margaret****MI*MEM56776954~
NM1*82*1*Hall*Angela****XX*1000049002~
DTM*232*20260118~
DTM*233*20260118~
SVC*HC:84153*28.00*0.00**3~
CAS*OA*109*28.00~
DTM*472*20260118~
REF*6R*LNCLM14010006827~
AMT*B6*0.00~
LQ*HE*N381~
CLP*CLM1401001*4*18.00*0.00*0.00*PPO*PYR1401001791~
CAS*OA*96*18.00~
NM1*QC*1*Young*Susan****MI*PLN97817027~
NM1*82*1*Hall*Angela****XX*1000049002~
DTM*232*20251130~
DTM*233*20251130~
SVC*HC:87086*18.00*0.00**1~
CAS*OA*96*18.00~
DTM*472*20251130~
REF*6R*LNCLM14010015341~
AMT*B6*0.00~
LQ*HE*N381~
SE*36*00140010~
GE*1*140010~
IEA*1*014000010~