ISA*00*          *00*          *ZZ*MDCD           *ZZ*1000046702     *20251203*2335*^*00501*014000007*0*P*:~
GS*HP*MDCD*1000046702*20251203*2335*140007*X*005010X221A1~
ST*835*00140007~
BPR*H*0.00*C*NON************20251203~
TRN*1*TRC140076282*1MDCD~
DTM*405*20251203~
N1*PR*Medicaid*XV*MDCD~
N3*PO Box 72857~
N4*San Jose*CA*95101~
N1*PE*Thomas Martinez, MD*XX*1000046702~
N3*3042 Cedar Ln~
N4*Fort Worth*TX*76101~
REF*TJ*215429194~
CLP*CLM1400700*4*10.00*0.00*0.00*Medicaid*PYR1400700487~
CAS*PI*197*10.00~
NM1*QC*1*Hill*Jessica****MI*MEM51863154~
NM1*82*1*Martinez*Thomas****XX*1000046702~
DTM*232*20251111~
DTM*233*20251111~
SVC*HC:81001*10.00*0.00**3~
CAS*PI*197*10.00~
DTM*472*20251111~
REF*6R*LNCLM14007006016~
AMT*B6*0.00~
LQ*HE*MA130~
CLP*CLM1400701*4*12.00*0.00*0.00*Medicaid*PYR1400701142~
CAS*CO*50*12.00~
NM1*QC*1*Adams*Lisa****MI*MEM73540247~
NM1*82*1*Martinez*Thomas****XX*1000046702~
DTM*232*20251126~
DTM*233*20251126~
SVC*HC:85027*12.00*0.00**1~
CAS*CO*50*12.00~
DTM*472*20251126~
REF*6R*LNCLM14007014553~
AMT*B6*0.00~
LQ*HE*MA130~
CLP*CLM1400702*4*12.00*0.00*0.00*Medicaid*PYR1400702686~
CAS*CO*50*12.00~
NM1*QC*1*Baker*Sarah****MI*MEM57211762~
NM1*82*1*Martinez*Thomas****XX*1000046702~
DTM*232*20251230~
DTM*233*20251230~
SVC*HC:85027*12.00*0.00**1~
CAS*CO*50*12.00~
DTM*472*20251230~
REF*6R*LNCLM14007024910~
AMT*B6*0.00~
LQ*HE*MA130~
SE*48*00140007~
GE*1*140007~
IEA*1*014000007~