ISA*00*          *00*          *ZZ*MDCD           *ZZ*1000048902     *20260214*2335*^*00501*014000009*0*P*:~
GS*HP*MDCD*1000048902*20260214*2335*140009*X*005010X221A1~
ST*835*00140009~
BPR*H*0.00*C*NON************20260214~
TRN*1*TRC140097436*1MDCD~
DTM*405*20260214~
N1*PR*Medicaid*XV*MDCD~
N3*PO Box 60672~
N4*Columbus*OH*43085~
N1*PE*Elizabeth Thompson, MD FACS*XX*1000048902~
N3*9345 Pine St~
N4*Indianapolis*IN*46201~
REF*TJ*927317399~
CLP*CLM1400900*4*12.00*0.00*0.00*Medicaid*PYR1400900826~
CAS*PI*109*12.00~
NM1*QC*1*Nguyen*Deborah****MI*INS65581860~
NM1*82*1*Thompson*Elizabeth****XX*1000048902~
DTM*232*20251120~
DTM*233*20251121~
SVC*HC:85027*12.00*0.00**3~
CAS*PI*109*12.00~
DTM*472*20251120~
REF*6R*LNCLM14009003345~
AMT*B6*0.00~
LQ*HE*N381~
CLP*CLM1400901*4*15.00*0.00*0.00*Medicaid*PYR1400901697~
CAS*OA*109*15.00~
NM1*QC*1*Adams*Elizabeth****MI*GRP26933663~
NM1*82*1*Thompson*Elizabeth****XX*1000048902~
DTM*232*20260120~
DTM*233*20260120~
SVC*HC:85025*15.00*0.00**1~
CAS*OA*109*15.00~
DTM*472*20260120~
REF*6R*LNCLM14009015624~
AMT*B6*0.00~
LQ*HE*N381~
SE*36*00140009~
GE*1*140009~
IEA*1*014000009~