ISA*00*          *00*          *ZZ*ANTM1          *ZZ*1000002102     *20260125*2335*^*00501*014000011*0*P*:~
GS*HP*ANTM1*1000002102*20260125*2335*140011*X*005010X221A1~
ST*835*00140011~
BPR*H*50.18*C*NON************20260125~
TRN*1*TRC140119760*1ANTM1~
DTM*405*20260125~
N1*PR*Anthem*XV*ANTM1~
N3*PO Box 72586~
N4*Charlotte*NC*28201~
N1*PE*Daniel Wright, MD PhD*XX*1000002102~
N3*2500 Valley View Dr~
N4*Houston*TX*77001~
REF*TJ*838571117~
CLP*CLM1401100*2*25.00*6.38*4.04*PPO*PYR1401100830~
CAS*PI*97*14.58~
CAS*PR*1*4.04~
NM1*QC*1*Hall*Jeffrey****MI*INS71027391~
NM1*82*1*Wright*Daniel****XX*1000002102~
DTM*232*20251022~
DTM*233*20251022~
SVC*HC:80053*25.00*6.38**2~
CAS*PI*97*14.58~
CAS*PR*1*4.04~
DTM*472*20251022~
REF*6R*LNCLM14011006298~
AMT*B6*10.42~
LQ*HE*MA04~
CLP*CLM1401101*2*25.00*7.82*1.86*PPO*PYR1401101748~
CAS*OA*109*15.32~
CAS*PR*2*1.86~
NM1*QC*1*Moore*Betty****MI*PLN83637350~
NM1*82*1*Wright*Daniel****XX*1000002102~
DTM*232*20250909~
DTM*233*20250909~
SVC*HC:80053*25.00*7.82**2~
CAS*OA*109*15.32~
CAS*PR*2*1.86~
DTM*472*20250909~
REF*6R*LNCLM14011015872~
AMT*B6*9.68~
LQ*HE*M15~
CLP*CLM1401102*2*45.00*16.50*8.96*PPO*PYR1401102503~
CAS*OA*31*19.54~
CAS*PR*3*8.96~
NM1*QC*1*Robinson*Dorothy****MI*PLN56440885~
NM1*82*1*Wright*Daniel****XX*1000002102~
DTM*232*20251119~
DTM*233*20251119~
SVC*HC:82306*45.00*16.50**2~
CAS*OA*31*19.54~
CAS*PR*3*8.96~
DTM*472*20251119~
REF*6R*LNCLM14011026331~
AMT*B6*25.46~
LQ*HE*N479~
CLP*CLM1401103*2*45.00*19.48*7.38*PPO*PYR1401103476~
CAS*OA*109*18.14~
CAS*PR*1*7.38~
NM1*QC*1*Green*Sharon****MI*MEM94420652~
NM1*82*1*Wright*Daniel****XX*1000002102~
DTM*232*20251125~
DTM*233*20251125~
SVC*HC:82306*45.00*19.48**2~
CAS*OA*109*18.14~
CAS*PR*1*7.38~
DTM*472*20251125~
REF*6R*LNCLM14011031639~
AMT*B6*26.86~
LQ*HE*MA04~
CLP*CLM1401104*4*18.00*0.00*0.00*PPO*PYR1401104625~
CAS*OA*31*18.00~
NM1*QC*1*Harris*Carol****MI*GRP91354568~
NM1*82*1*Wright*Daniel****XX*1000002102~
DTM*232*20251220~
DTM*233*20251220~
SVC*HC:80048*18.00*0.00**1~
CAS*OA*31*18.00~
DTM*472*20251220~
REF*6R*LNCLM14011048470~
AMT*B6*0.00~
LQ*HE*N381~
CLP*CLM1401105*4*18.00*0.00*0.00*PPO*PYR1401105688~
CAS*OA*50*18.00~
NM1*QC*1*Perez*Lisa****MI*INS37235041~
NM1*82*1*Wright*Daniel****XX*1000002102~
DTM*232*20251007~
DTM*233*20251007~
SVC*HC:87086*18.00*0.00**1~
CAS*OA*50*18.00~
DTM*472*20251007~
REF*6R*LNCLM14011052114~
AMT*B6*0.00~
LQ*HE*N381~
SE*92*00140011~
GE*1*140011~
IEA*1*014000011~