ISA*00*          *00*          *ZZ*99726          *ZZ*1000040202     *20260117*2335*^*00501*014000002*0*P*:~
GS*HP*99726*1000040202*20260117*2335*140002*X*005010X221A1~
ST*835*00140002~
BPR*H*0.00*C*NON************20260117~
TRN*1*TRC140022253*199726~
DTM*405*20260117~
N1*PR*Tricare*XV*99726~
N3*PO Box 74315~
N4*Houston*TX*77001~
N1*PE*Richard Anderson, MD*XX*1000040202~
N3*3545 Park Dr~
N4*Denver*CO*80201~
REF*TJ*195192465~
CLP*CLM1400200*4*10.00*0.00*0.00*Government*PYR1400200291~
CAS*CO*27*10.00~
NM1*QC*1*Nelson*Patricia****MI*PLN53145806~
NM1*82*1*Anderson*Richard****XX*1000040202~
DTM*232*20251027~
DTM*233*20251028~
SVC*HC:81001*10.00*0.00**1~
CAS*CO*27*10.00~
DTM*472*20251027~
REF*6R*LNCLM14002006513~
AMT*B6*0.00~
LQ*HE*N362~
CLP*CLM1400201*4*10.00*0.00*0.00*Government*PYR1400201652~
CAS*CO*31*10.00~
NM1*QC*1*Williams*Patricia****MI*PLN89063747~
NM1*82*1*Anderson*Richard****XX*1000040202~
DTM*232*20251122~
DTM*233*20251122~
SVC*HC:81001*10.00*0.00**1~
CAS*CO*31*10.00~
DTM*472*20251122~
REF*6R*LNCLM14002014019~
AMT*B6*0.00~
LQ*HE*N362~
SE*36*00140002~
GE*1*140002~
IEA*1*014000002~