ISA*00*          *00*          *ZZ*BCBS1          *ZZ*1000040302     *20251223*2335*^*00501*014000003*0*P*:~
GS*HP*BCBS1*1000040302*20251223*2335*140003*X*005010X221A1~
ST*835*00140003~
BPR*H*0.00*C*NON************20251223~
TRN*1*TRC140033835*1BCBS1~
DTM*405*20251223~
N1*PR*Blue Cross Blue Shield*XV*BCBS1~
N3*PO Box 99964~
N4*Dallas*TX*75201~
N1*PE*Angela Smith, MD*XX*1000040302~
N3*2556 Forest Dr~
N4*Seattle*WA*98101~
REF*TJ*672990524~
CLP*CLM1400300*4*12.00*0.00*0.00*HMO*PYR1400300646~
CAS*OA*27*12.00~
NM1*QC*1*Walker*Edward****MI*PLN71086048~
NM1*82*1*Smith*Angela****XX*1000040302~
DTM*232*20251213~
DTM*233*20251213~
SVC*HC:86580*12.00*0.00**3~
CAS*OA*27*12.00~
DTM*472*20251213~
REF*6R*LNCLM14003005558~
AMT*B6*0.00~
LQ*HE*N362~
CLP*CLM1400301*4*15.00*0.00*0.00*HMO*PYR1400301347~
CAS*OA*27*15.00~
NM1*QC*1*Davis*Mark****MI*INS31040323~
NM1*82*1*Smith*Angela****XX*1000040302~
DTM*232*20260104~
DTM*233*20260104~
SVC*HC:85025*15.00*0.00**1~
CAS*OA*27*15.00~
DTM*472*20260104~
REF*6R*LNCLM14003019822~
AMT*B6*0.00~
LQ*HE*N362~
SE*36*00140003~
GE*1*140003~
IEA*1*014000003~