ISA*00*          *00*          *ZZ*62308          *ZZ*1000010902     *251226*2334*^*00501*000010901*0*P*:~
GS*HP*62308*1000010902*20251226*2334*10902*X*005010X221A1~
ST*835*10903*005010X221A1~
BPR*I*0.00*C*ACH*CCP*01*101000019*DA*7890123456*62308**01*111000025*DA*5678901234*20251226~
TRN*1*T000000010900*1979806969~
DTM*405*20251226~
N1*PR*Cigna~
N3*8304 Park Dr~
N4*Jacksonville*FL*32099~
REF*2U*62308~
N1*PE*Lewis Michael*XX*1000010902~
N3*4771 Spring Ln~
N4*San Antonio*TX*78201~
REF*TJ*335486291~
CLP*CLM0100900*4*42.00*0.00*0.00*12*PCN920197775*11*1~
CAS*PI*185*42.00*1~
NM1*QC*1*Brown*Sandra****MI*GRP35196457~
NM1*82*1*Lewis*Michael****XX*1000010902~
DTM*232*20251011~
DTM*233*20251011~
SVC*HC:99490:51*42.00*0.00**1~
DTM*472*20251011~
CAS*PI*185*42.00*1~
REF*6R*LNCLM010090000~
AMT*B6*0.00~
LQ*HE*N386~
CLP*CLM0100901*4*700.00*0.00*0.00*12*PCN756536491*11*1~
CAS*OA*109*700.00*1~
NM1*QC*1*Adams*Margaret****MI*MEM17839403~
NM1*82*1*Lewis*Michael****XX*1000010902~
DTM*232*20260108~
DTM*233*20260109~
SVC*HC:99223:25*700.00*0.00**2~
DTM*472*20260108~
CAS*OA*109*700.00*2~
REF*6R*LNCLM010090100~
AMT*B6*0.00~
LQ*HE*N362~
SE*37*10903~
GE*1*10902~
IEA*1*000010901~