ISA*00*          *00*          *ZZ*99726          *ZZ*1000011102     *251208*2334*^*00501*000011101*0*P*:~
GS*HP*99726*1000011102*20251208*2334*11102*X*005010X221A1~
ST*835*11103*005010X221A1~
BPR*I*121.94*C*ACH*CCP*01*021202337*DA*4567890123*99726**01*021000021*DA*7890123456*20251208~
TRN*1*T000000011100*1961069945~
DTM*405*20251208~
N1*PR*Tricare~
N3*3978 Market St~
N4*Houston*TX*77001~
REF*2U*99726~
N1*PE*Anderson James*XX*1000011102~
N3*2569 Spring Ln~
N4*Columbus*OH*43085~
REF*TJ*713902267~
CLP*CLM0101100*4*540.00*0.00*0.00*15*PCN882648014*11*1~
CAS*CO*16*540.00*1~
NM1*QC*1*Adams*Timothy****MI*GRP61544671~
NM1*82*1*Anderson*James****XX*1000011102~
DTM*232*20251230~
DTM*233*20251231~
SVC*HC:99223:51*350.00*0.00**1~
DTM*472*20251230~
CAS*CO*16*350.00*1~
REF*6R*LNCLM010110000~
AMT*B6*0.00~
LQ*HE*M15~
SVC*HC:99213:25*190.00*0.00**2~
DTM*472*20251230~
CAS*CO*16*190.00*2~
REF*6R*LNCLM010110001~
AMT*B6*0.00~
LQ*HE*N95~
CLP*CLM0101101*4*360.00*0.00*0.00*15*PCN463098484*11*1~
CAS*CO*29*360.00*1~
NM1*QC*1*Williams*Thomas****MI*PLN77042625~
NM1*82*1*Anderson*James****XX*1000011102~
DTM*232*20251008~
DTM*233*20251008~
SVC*HC:80053:TC*75.00*0.00**3~
DTM*472*20251008~
CAS*CO*29*75.00*3~
REF*6R*LNCLM010110100~
AMT*B6*0.00~
LQ*HE*N362~
SVC*HC:99213:RT*285.00*0.00**3~
DTM*472*20251008~
CAS*CO*29*285.00*3~
REF*6R*LNCLM010110101~
AMT*B6*0.00~
LQ*HE*N479~
CLP*CLM0101102*1*215.00*121.94*40.80*15*PCN216953354*11*1~
CAS*CO*45*52.26*1~
CAS*PR*1*40.80*1~
NM1*QC*1*Martin*Brian****MI*MEM65186623~
NM1*82*1*Anderson*James****XX*1000011102~
DTM*232*20251127~
DTM*233*20251128~
SVC*HC:99213:77*95.00*51.57**1~
DTM*472*20251127~
CAS*CO*97*22.59*1~
CAS*PR*3*20.84*1~
REF*6R*LNCLM010110200~
AMT*B6*72.41~
LQ*HE*N362~
SVC*HC:99232:51*120.00*70.37**1~
DTM*472*20251127~
CAS*CO*97*29.67*1~
CAS*PR*3*19.96*1~
REF*6R*LNCLM010110201~
AMT*B6*90.33~
LQ*HE*MA130~
CLP*CLM0101103*4*105.00*0.00*0.00*15*PCN195828616*11*1~
CAS*CO*4*105.00*1~
NM1*QC*1*Martinez*Linda****MI*MEM44675236~
NM1*82*1*Anderson*James****XX*1000011102~
DTM*232*20250915~
DTM*233*20250915~
SVC*HC:93000:RT*105.00*0.00**3~
DTM*472*20250915~
CAS*CO*4*105.00*3~
REF*6R*LNCLM010110300~
AMT*B6*0.00~
LQ*HE*N386~
PLB*805691759*20251231*WO*-431.68~
SE*83*11103~
GE*1*11102~
IEA*1*000011101~