ISA*00*          *00*          *ZZ*MDCD           *ZZ*1000010202     *260216*2334*^*00501*000010201*0*P*:~
GS*HP*MDCD*1000010202*20260216*2334*10202*X*005010X221A1~
ST*835*10203*005010X221A1~
BPR*I*0.00*C*ACH*CCP*01*021202337*DA*3456789012*MDCD**01*021202337*DA*4567890123*20260216~
TRN*1*T000000010200*1266271626~
DTM*405*20260216~
N1*PR*Medicaid~
N3*4153 Lake Rd~
N4*Columbus*OH*43085~
REF*2U*MDCD~
N1*PE*Robinson Christine*XX*1000010202~
N3*3333 Park Dr~
N4*San Antonio*TX*78201~
REF*TJ*525391759~
CLP*CLM0100200*4*35.00*0.00*0.00*MC*PCN846144400*11*1~
CAS*CO*50*35.00*1~
NM1*QC*1*Sanchez*Michael****MI*MEM34368720~
NM1*82*1*Robinson*Christine****XX*1000010202~
DTM*232*20251003~
DTM*233*20251003~
SVC*HC:93000:50*35.00*0.00**1~
DTM*472*20251003~
CAS*CO*50*35.00*1~
REF*6R*LNCLM010020000~
AMT*B6*0.00~
LQ*HE*MA130~
CLP*CLM0100201*4*700.00*0.00*0.00*MC*PCN394155890*11*1~
CAS*CO*50*700.00*1~
NM1*QC*1*Martinez*Richard****MI*GRP44794626~
NM1*82*1*Robinson*Christine****XX*1000010202~
DTM*232*20251115~
DTM*233*20251116~
SVC*HC:99223:25*700.00*0.00**2~
DTM*472*20251115~
CAS*CO*50*700.00*2~
REF*6R*LNCLM010020100~
AMT*B6*0.00~
LQ*HE*N95~
CLP*CLM0100202*4*365.00*0.00*0.00*MC*PCN322872063*11*1~
CAS*CO*50*365.00*1~
NM1*QC*1*Perez*Kenneth****MI*PLN45355903~
NM1*82*1*Robinson*Christine****XX*1000010202~
DTM*232*20251230~
DTM*233*20251231~
SVC*HC:80053:59*75.00*0.00**3~
DTM*472*20251230~
CAS*CO*50*75.00*3~
REF*6R*LNCLM010020200~
AMT*B6*0.00~
LQ*HE*N95~
SVC*HC:99214*290.00*0.00**2~
DTM*472*20251230~
CAS*CO*50*290.00*2~
REF*6R*LNCLM010020201~
AMT*B6*0.00~
LQ*HE*N362~
PLB*221528724*20261231*L6*-481.76~
SE*56*10203~
GE*1*10202~
IEA*1*000010201~