ISA*00*          *00*          *ZZ*CMS            *ZZ*1000010002     *260125*2334*^*00501*000010001*0*P*:~
GS*HP*CMS*1000010002*20260125*2334*10002*X*005010X221A1~
ST*835*10003*005010X221A1~
BPR*I*0.00*C*ACH*CCP*01*111000025*DA*5678901234*CMS**01*021000021*DA*6789012345*20260125~
TRN*1*T000000010000*1210331632~
DTM*405*20260125~
N1*PR*Medicare Part B~
N3*7173 Hill St~
N4*Columbus*OH*43085~
REF*2U*CMS~
N1*PE*Johnson Thomas*XX*1000010002~
N3*1393 River Rd~
N4*Houston*TX*77001~
REF*TJ*964030139~
CLP*CLM0100000*4*210.00*0.00*0.00*MA*PCN523443733*11*1~
CAS*CO*16*210.00*1~
NM1*QC*1*Clark*James****MI*MEM56790962~
NM1*82*1*Johnson*Thomas****XX*1000010002~
DTM*232*20250927~
DTM*233*20250928~
SVC*HC:99215:TC*210.00*0.00**1~
DTM*472*20250927~
CAS*CO*16*210.00*1~
REF*6R*LNCLM010000000~
AMT*B6*0.00~
LQ*HE*M15~
CLP*CLM0100001*4*200.00*0.00*0.00*MA*PCN782008681*11*1~
CAS*CO*16*200.00*1~
NM1*QC*1*Perez*Mary****MI*PLN49665028~
NM1*82*1*Johnson*Thomas****XX*1000010002~
DTM*232*20251017~
DTM*233*20251018~
SVC*HC:99204:LT*200.00*0.00**1~
DTM*472*20251017~
CAS*CO*16*200.00*1~
REF*6R*LNCLM010000100~
AMT*B6*0.00~
LQ*HE*MA130~
PLB*193762493*20261231*CS*-440.24~
SE*38*10003~
GE*1*10002~
IEA*1*000010001~