ISA*00*          *00*          *ZZ*BCBS1          *ZZ*1000010802     *251129*2334*^*00501*000010801*0*P*:~
GS*HP*BCBS1*1000010802*20251129*2334*10802*X*005010X221A1~
ST*835*10803*005010X221A1~
BPR*I*0.00*C*ACH*CCP*01*074000078*DA*9012345678*BCBS1**01*074000078*DA*3456789012*20251129~
TRN*1*T000000010800*1621187266~
DTM*405*20251129~
N1*PR*Blue Cross Blue Shield~
N3*5918 College Ave~
N4*San Antonio*TX*78201~
REF*2U*BCBS1~
N1*PE*Brown Christine*XX*1000010802~
N3*726 Church St~
N4*Nashville*TN*37201~
REF*TJ*759875536~
CLP*CLM0100800*4*525.00*0.00*0.00*13*PCN645337444*11*1~
CAS*CO*167*525.00*1~
NM1*QC*1*Young*Carol****MI*GRP62766999~
NM1*82*1*Brown*Christine****XX*1000010802~
DTM*232*20250908~
DTM*233*20250908~
SVC*HC:99233:25*525.00*0.00**3~
DTM*472*20250908~
CAS*CO*167*525.00*3~
REF*6R*LNCLM010080000~
AMT*B6*0.00~
LQ*HE*N479~
CLP*CLM0100801*4*1310.00*0.00*0.00*13*PCN672787417*11*1~
CAS*CO*4*1310.00*1~
NM1*QC*1*Wright*Stephanie****MI*PLN84250755~
NM1*82*1*Brown*Christine****XX*1000010802~
DTM*232*20251117~
DTM*233*20251117~
SVC*HC:99496:TC*960.00*0.00**3~
DTM*472*20251117~
CAS*CO*4*960.00*3~
REF*6R*LNCLM010080100~
AMT*B6*0.00~
LQ*HE*N479~
SVC*HC:99223:77*350.00*0.00**1~
DTM*472*20251117~
CAS*CO*4*350.00*1~
REF*6R*LNCLM010080101~
AMT*B6*0.00~
LQ*HE*M15~
CLP*CLM0100802*4*504.00*0.00*0.00*13*PCN810580408*11*1~
CAS*CO*11*504.00*1~
NM1*QC*1*Nguyen*Steven****MI*PLN82219842~
NM1*82*1*Brown*Christine****XX*1000010802~
DTM*232*20250922~
DTM*233*20250922~
SVC*HC:99215:76*420.00*0.00**2~
DTM*472*20250922~
CAS*CO*11*420.00*2~
REF*6R*LNCLM010080200~
AMT*B6*0.00~
LQ*HE*MA130~
SVC*HC:99490:25*84.00*0.00**2~
DTM*472*20250922~
CAS*CO*11*84.00*2~
REF*6R*LNCLM010080201~
AMT*B6*0.00~
LQ*HE*N479~
SE*61*10803~
GE*1*10802~
IEA*1*000010801~