ISA*00*          *00*          *ZZ*MDCD           *ZZ*1000010402     *251229*2334*^*00501*000010401*0*P*:~
GS*HP*MDCD*1000010402*20251229*2334*10402*X*005010X221A1~
ST*835*10403*005010X221A1~
BPR*I*0.00*C*ACH*CCP*01*081000032*DA*7890123456*MDCD**01*122000247*DA*1234567890*20251229~
TRN*1*T000000010400*1519965531~
DTM*405*20251229~
N1*PR*Medicaid~
N3*4153 Lake Rd~
N4*Columbus*OH*43085~
REF*2U*MDCD~
N1*PE*Johnson Maria*XX*1000010402~
N3*1403 Market St~
N4*Seattle*WA*98101~
REF*TJ*525204350~
CLP*CLM0100400*4*525.00*0.00*0.00*MC*PCN757471426*11*1~
CAS*CO*27*525.00*1~
NM1*QC*1*Ramirez*Deborah****MI*INS18478997~
NM1*82*1*Johnson*Maria****XX*1000010402~
DTM*232*20260113~
DTM*233*20260114~
SVC*HC:99233:TC*525.00*0.00**3~
DTM*472*20260113~
CAS*CO*27*525.00*3~
REF*6R*LNCLM010040000~
AMT*B6*0.00~
LQ*HE*N95~
CLP*CLM0100401*4*117.00*0.00*0.00*MC*PCN183926104*11*1~
CAS*CO*96*117.00*1~
NM1*QC*1*Torres*Margaret****MI*INS65200491~
NM1*82*1*Johnson*Maria****XX*1000010402~
DTM*232*20251126~
DTM*233*20251126~
SVC*HC:80053:50*75.00*0.00**3~
DTM*472*20251126~
CAS*CO*96*75.00*3~
REF*6R*LNCLM010040100~
AMT*B6*0.00~
LQ*HE*N362~
SVC*HC:99490:TC*42.00*0.00**1~
DTM*472*20251126~
CAS*CO*96*42.00*1~
REF*6R*LNCLM010040101~
AMT*B6*0.00~
LQ*HE*M15~
CLP*CLM0100402*4*1135.00*0.00*0.00*MC*PCN781493666*11*1~
CAS*CO*29*1135.00*1~
NM1*QC*1*Perez*George****MI*INS74196674~
NM1*82*1*Johnson*Maria****XX*1000010402~
DTM*232*20260128~
DTM*233*20260129~
SVC*HC:99233:77*175.00*0.00**1~
DTM*472*20260128~
CAS*CO*29*175.00*1~
REF*6R*LNCLM010040200~
AMT*B6*0.00~
LQ*HE*N386~
SVC*HC:99496:26*960.00*0.00**3~
DTM*472*20260128~
CAS*CO*29*960.00*3~
REF*6R*LNCLM010040201~
AMT*B6*0.00~
LQ*HE*N95~
SE*61*10403~
GE*1*10402~
IEA*1*000010401~