ISA*00*          *00*          *ZZ*87726          *ZZ*1000011002     *251125*2334*^*00501*000011001*0*P*:~
GS*HP*87726*1000011002*20251125*2334*11002*X*005010X221A1~
ST*835*11003*005010X221A1~
BPR*I*0.00*C*ACH*CCP*01*081000032*DA*5678901234*87726**01*122000247*DA*3456789012*20251125~
TRN*1*T000000011000*1678502742~
DTM*405*20251125~
N1*PR*UnitedHealthcare~
N3*497 Washington Ave~
N4*Nashville*TN*37201~
REF*2U*87726~
N1*PE*Lewis Richard*XX*1000011002~
N3*2072 River Rd~
N4*Fort Worth*TX*76101~
REF*TJ*703009425~
CLP*CLM0101000*4*760.00*0.00*0.00*12*PCN508809564*11*1~
CAS*OA*109*760.00*1~
NM1*QC*1*Adams*Matthew****MI*PLN43522456~
NM1*82*1*Lewis*Richard****XX*1000011002~
DTM*232*20250923~
DTM*233*20250923~
SVC*HC:99215:77*210.00*0.00**1~
DTM*472*20250923~
CAS*OA*109*210.00*1~
REF*6R*LNCLM010100000~
AMT*B6*0.00~
LQ*HE*N362~
SVC*HC:99205:50*550.00*0.00**2~
DTM*472*20250923~
CAS*OA*109*550.00*2~
REF*6R*LNCLM010100001~
AMT*B6*0.00~
LQ*HE*N386~
CLP*CLM0101001*4*520.00*0.00*0.00*12*PCN649078289*11*1~
CAS*OA*31*520.00*1~
NM1*QC*1*Jackson*Deborah****MI*GRP51379980~
NM1*82*1*Lewis*Richard****XX*1000011002~
DTM*232*20251215~
DTM*233*20251215~
SVC*HC:99496:76*320.00*0.00**1~
DTM*472*20251215~
CAS*OA*31*320.00*1~
REF*6R*LNCLM010100100~
AMT*B6*0.00~
LQ*HE*MA130~
SVC*HC:99204*200.00*0.00**1~
DTM*472*20251215~
CAS*OA*31*200.00*1~
REF*6R*LNCLM010100101~
AMT*B6*0.00~
LQ*HE*N95~
SE*49*11003~
GE*1*11002~
IEA*1*000011001~