ISA*00*          *00*          *ZZ*ANTM1          *ZZ*1000010502     *251223*2334*^*00501*000010501*0*P*:~
GS*HP*ANTM1*1000010502*20251223*2334*10502*X*005010X221A1~
ST*835*10503*005010X221A1~
BPR*I*622.04*C*ACH*CCP*01*021000021*DA*6789012345*ANTM1**01*081000032*DA*3456789012*20251223~
TRN*1*T000000010500*1268039377~
DTM*405*20251223~
N1*PR*Anthem~
N3*5293 College Ave~
N4*Houston*TX*77001~
REF*2U*ANTM1~
N1*PE*Anderson Daniel*XX*1000010502~
N3*5523 Church St~
N4*Philadelphia*PA*19101~
REF*TJ*393569896~
CLP*CLM0100500*1*350.00*208.05*46.41*12*PCN654377348*11*1~
CAS*CO*45*95.54*1~
CAS*PR*1*46.41*1~
NM1*QC*1*Walker*Betty****MI*PLN41023597~
NM1*82*1*Anderson*Daniel****XX*1000010502~
DTM*232*20251213~
DTM*233*20251214~
SVC*HC:99223:RT*350.00*208.05**1~
DTM*472*20251213~
CAS*CO*45*95.54*1~
CAS*PR*1*46.41*1~
REF*6R*LNCLM010050000~
AMT*B6*254.46~
LQ*HE*M15~
CLP*CLM0100501*1*770.00*413.99*83.79*12*PCN903660870*11*1~
CAS*CO*97*272.22*1~
CAS*PR*2*83.79*1~
NM1*QC*1*Harris*Matthew****MI*MEM74222633~
NM1*82*1*Anderson*Daniel****XX*1000010502~
DTM*232*20251222~
DTM*233*20251223~
SVC*HC:93000:RT*70.00*31.04**2~
DTM*472*20251222~
CAS*CO*45*26.50*2~
CAS*PR*3*12.46*2~
REF*6R*LNCLM010050100~
AMT*B6*43.50~
LQ*HE*N479~
SVC*HC:99223:50*700.00*382.95**2~
DTM*472*20251222~
CAS*CO*45*245.72*2~
CAS*PR*1*71.33*2~
REF*6R*LNCLM010050101~
AMT*B6*454.28~
LQ*HE*M15~
PLB*143106037*20251231*WO*-204.57~
SE*49*10503~
GE*1*10502~
IEA*1*000010501~