ISA*00*          *00*          *ZZ*MDCD           *ZZ*1000010702     *251201*2334*^*00501*000010701*0*P*:~
GS*HP*MDCD*1000010702*20251201*2334*10702*X*005010X221A1~
ST*835*10703*005010X221A1~
BPR*I*0.00*C*ACH*CCP*01*026009593*DA*4567890123*MDCD**01*026009593*DA*8901234567*20251201~
TRN*1*T000000010700*1241382902~
DTM*405*20251201~
N1*PR*Medicaid~
N3*4153 Lake Rd~
N4*Columbus*OH*43085~
REF*2U*MDCD~
N1*PE*Nguyen Sarah*XX*1000010702~
N3*6503 Park Dr~
N4*Philadelphia*PA*19101~
REF*TJ*983787968~
CLP*CLM0100700*4*360.00*0.00*0.00*MC*PCN519661735*11*1~
CAS*CO*11*360.00*1~
NM1*QC*1*Smith*Donna****MI*INS83888034~
NM1*82*1*Nguyen*Sarah****XX*1000010702~
DTM*232*20251120~
DTM*233*20251120~
SVC*HC:99232:59*360.00*0.00**3~
DTM*472*20251120~
CAS*CO*11*360.00*3~
REF*6R*LNCLM010070000~
AMT*B6*0.00~
LQ*HE*N386~
CLP*CLM0100701*4*525.00*0.00*0.00*MC*PCN909138167*11*1~
CAS*CO*167*525.00*1~
NM1*QC*1*Gonzalez*Ronald****MI*PLN85131569~
NM1*82*1*Nguyen*Sarah****XX*1000010702~
DTM*232*20251107~
DTM*233*20251107~
SVC*HC:99233:26*525.00*0.00**3~
DTM*472*20251107~
CAS*CO*167*525.00*3~
REF*6R*LNCLM010070100~
AMT*B6*0.00~
LQ*HE*M15~
SE*37*10703~
GE*1*10702~
IEA*1*000010701~