ISA*00*          *00*          *ZZ*ANTM1          *ZZ*1000010602     *251209*2334*^*00501*000010601*0*P*:~
GS*HP*ANTM1*1000010602*20251209*2334*10602*X*005010X221A1~
ST*835*10603*005010X221A1~
BPR*I*507.59*C*ACH*CCP*01*101000019*DA*1234567890*ANTM1**01*021202337*DA*4567890123*20251209~
TRN*1*T000000010600*1318370863~
DTM*405*20251209~
N1*PR*Anthem~
N3*5293 College Ave~
N4*Houston*TX*77001~
REF*2U*ANTM1~
N1*PE*Thompson Richard*XX*1000010602~
N3*1483 Meadow Ln~
N4*New York*NY*10001~
REF*TJ*863992892~
CLP*CLM0100600*1*240.00*162.59*37.88*12*PCN679805811*11*1~
CAS*CO*97*39.53*1~
CAS*PR*3*37.88*1~
NM1*QC*1*Hernandez*Ryan****MI*MEM89863585~
NM1*82*1*Thompson*Richard****XX*1000010602~
DTM*232*20250830~
DTM*233*20250831~
SVC*HC:99232:59*240.00*162.59**2~
DTM*472*20250830~
CAS*CO*45*39.53*2~
CAS*PR*3*37.88*2~
REF*6R*LNCLM010060000~
AMT*B6*200.47~
LQ*HE*MA130~
CLP*CLM0100601*1*410.00*235.26*56.94*12*PCN740542680*11*1~
CAS*CO*45*117.80*1~
CAS*PR*3*56.94*1~
NM1*QC*1*Williams*Melissa****MI*MEM46227312~
NM1*82*1*Thompson*Richard****XX*1000010602~
DTM*232*20250905~
DTM*233*20250905~
SVC*HC:99214:26*290.00*168.41**2~
DTM*472*20250905~
CAS*CO*45*88.58*2~
CAS*PR*1*33.01*2~
REF*6R*LNCLM010060100~
AMT*B6*201.42~
LQ*HE*N95~
SVC*HC:99232:50*120.00*66.85**1~
DTM*472*20250905~
CAS*CO*45*29.22*1~
CAS*PR*3*23.93*1~
REF*6R*LNCLM010060101~
AMT*B6*90.78~
LQ*HE*N362~
CLP*CLM0100602*1*210.00*109.74*21.50*12*PCN489877848*11*1~
CAS*CO*45*78.76*1~
CAS*PR*3*21.50*1~
NM1*QC*1*Walker*Christopher****MI*MEM69999612~
NM1*82*1*Thompson*Richard****XX*1000010602~
DTM*232*20251012~
DTM*233*20251013~
SVC*HC:99215:RT*210.00*109.74**1~
DTM*472*20251012~
CAS*CO*97*78.76*1~
CAS*PR*2*21.50*1~
REF*6R*LNCLM010060200~
AMT*B6*131.24~
LQ*HE*MA130~
PLB*174588215*20251231*L6*-114.86~
SE*63*10603~
GE*1*10602~
IEA*1*000010601~