ISA*00*          *00*          *ZZ*62308          *ZZ*1000010302     *260111*2334*^*00501*000010301*0*P*:~
GS*HP*62308*1000010302*20260111*2334*10302*X*005010X221A1~
ST*835*10303*005010X221A1~
BPR*I*0.00*C*ACH*CCP*01*101000019*DA*8901234567*62308**01*026009593*DA*7890123456*20260111~
TRN*1*T000000010300*1195733685~
DTM*405*20260111~
N1*PR*Cigna~
N3*8304 Park Dr~
N4*Jacksonville*FL*32099~
REF*2U*62308~
N1*PE*Clark Robert*XX*1000010302~
N3*3035 Forest Dr~
N4*Seattle*WA*98101~
REF*TJ*958624776~
CLP*CLM0100300*4*75.00*0.00*0.00*12*PCN471558710*11*1~
CAS*CO*29*75.00*1~
NM1*QC*1*Gonzalez*Carol****MI*GRP39581020~
NM1*82*1*Clark*Robert****XX*1000010302~
DTM*232*20251205~
DTM*233*20251206~
SVC*HC:80053:51*75.00*0.00**3~
DTM*472*20251205~
CAS*CO*29*75.00*3~
REF*6R*LNCLM010030000~
AMT*B6*0.00~
LQ*HE*N95~
CLP*CLM0100301*4*360.00*0.00*0.00*12*PCN210316378*11*1~
CAS*CO*27*360.00*1~
NM1*QC*1*Miller*Sandra****MI*GRP53520345~
NM1*82*1*Clark*Robert****XX*1000010302~
DTM*232*20251021~
DTM*233*20251022~
SVC*HC:99232:LT*360.00*0.00**3~
DTM*472*20251021~
CAS*CO*27*360.00*3~
REF*6R*LNCLM010030100~
AMT*B6*0.00~
LQ*HE*N362~
CLP*CLM0100302*4*30.00*0.00*0.00*12*PCN566122362*11*1~
CAS*CO*96*30.00*1~
NM1*QC*1*Anderson*Kimberly****MI*GRP51721591~
NM1*82*1*Clark*Robert****XX*1000010302~
DTM*232*20260130~
DTM*233*20260131~
SVC*HC:85025*30.00*0.00**2~
DTM*472*20260130~
CAS*CO*96*30.00*2~
REF*6R*LNCLM010030200~
AMT*B6*0.00~
LQ*HE*M15~
PLB*114027345*20261231*FB*-297.86~
SE*50*10303~
GE*1*10302~
IEA*1*000010301~