ISA*00*          *00*          *ZZ*87726          *ZZ*1000010102     *260110*2334*^*00501*000010101*0*P*:~
GS*HP*87726*1000010102*20260110*2334*10102*X*005010X221A1~
ST*835*10103*005010X221A1~
BPR*I*0.00*C*ACH*CCP*01*081000032*DA*8901234567*87726**01*101000019*DA*0123456789*20260110~
TRN*1*T000000010100*1667406184~
DTM*405*20260110~
N1*PR*UnitedHealthcare~
N3*497 Washington Ave~
N4*Nashville*TN*37201~
REF*2U*87726~
N1*PE*Scott Maria*XX*1000010102~
N3*6958 Church St~
N4*Charlotte*NC*28201~
REF*TJ*616244888~
CLP*CLM0100100*4*700.00*0.00*0.00*12*PCN846535559*11*1~
CAS*CO*197*700.00*1~
NM1*QC*1*Scott*Kimberly****MI*MEM96427785~
NM1*82*1*Scott*Maria****XX*1000010102~
DTM*232*20260122~
DTM*233*20260122~
SVC*HC:99205*550.00*0.00**2~
DTM*472*20260122~
CAS*CO*197*550.00*2~
REF*6R*LNCLM010010000~
AMT*B6*0.00~
LQ*HE*N95~
SVC*HC:99238:77*150.00*0.00**1~
DTM*472*20260122~
CAS*CO*197*150.00*1~
REF*6R*LNCLM010010001~
AMT*B6*0.00~
LQ*HE*N95~
CLP*CLM0100101*4*630.00*0.00*0.00*12*PCN334167580*11*1~
CAS*CO*197*630.00*1~
NM1*QC*1*Hall*Sandra****MI*INS41811641~
NM1*82*1*Scott*Maria****XX*1000010102~
DTM*232*20260115~
DTM*233*20260116~
SVC*HC:99215:26*630.00*0.00**3~
DTM*472*20260115~
CAS*CO*197*630.00*3~
REF*6R*LNCLM010010100~
AMT*B6*0.00~
LQ*HE*N362~
CLP*CLM0100102*4*420.00*0.00*0.00*12*PCN108917179*11*1~
CAS*CO*197*420.00*1~
NM1*QC*1*Thompson*Jessica****MI*MEM98834092~
NM1*82*1*Scott*Maria****XX*1000010102~
DTM*232*20251016~
DTM*233*20251017~
SVC*HC:99215:51*420.00*0.00**2~
DTM*472*20251016~
CAS*CO*197*420.00*2~
REF*6R*LNCLM010010200~
AMT*B6*0.00~
LQ*HE*N362~
SE*55*10103~
GE*1*10102~
IEA*1*000010101~