ISA*00*          *00*          *ZZ*87726          *ZZ*1000031102     *260203*2334*^*00501*000131101*0*P*:~
GS*HP*87726*1000031102*20260203*2334*131102*X*005010X221A1~
ST*835*131103*005010X221A1~
BPR*I*186.86*C*ACH*CCP*01*081000032*DA*3456789012*87726**01*091000019*DA*2345678901*20260203~
TRN*1*T000000131100*1255409696~
DTM*405*20260203~
N1*PR*UnitedHealthcare~
N3*497 Washington Ave~
N4*Nashville*TN*37201~
REF*2U*87726~
N1*PE*Wright Stephen*XX*1000031102~
N3*341 Main St~
N4*New York*NY*10001~
REF*TJ*826557111~
CLP*CLM1301100*4*145.00*0.00*0.00*12*PCN879233351*11*1~
CAS*CO*16*145.00*1~
NM1*QC*1*Flores*Timothy****MI*GRP34236983~
NM1*82*1*Wright*Stephen****XX*1000031102~
DTM*232*20251204~
DTM*233*20251204~
SVC*HC:99214*145.00*0.00**1~
DTM*472*20251204~
CAS*CO*16*145.00*1~
REF*6R*LNCLM130110000~
AMT*B6*0.00~
LQ*HE*N95~
CLP*CLM1301101*4*54.00*0.00*0.00*12*PCN227847031*11*1~
CAS*CO*29*54.00*1~
NM1*QC*1*Gonzalez*Elizabeth****MI*MEM44117203~
NM1*82*1*Wright*Stephen****XX*1000031102~
DTM*232*20250930~
DTM*233*20250930~
SVC*HC:87880:76*54.00*0.00**3~
DTM*472*20250930~
CAS*CO*29*54.00*3~
REF*6R*LNCLM130110100~
AMT*B6*0.00~
LQ*HE*N362~
CLP*CLM1301102*1*300.00*186.86*27.50*12*PCN317270365*11*1~
CAS*CO*45*85.64*1~
CAS*PR*3*27.50*1~
NM1*QC*1*Brown*Thomas****MI*MEM10528965~
NM1*82*1*Wright*Stephen****XX*1000031102~
DTM*232*20251003~
DTM*233*20251003~
SVC*HC:99214:RT*290.00*181.57**2~
DTM*472*20251003~
CAS*CO*45*81.64*2~
CAS*PR*3*26.79*2~
REF*6R*LNCLM130110200~
AMT*B6*208.36~
LQ*HE*MA130~
SVC*HC:99173*10.00*5.29**1~
DTM*472*20251003~
CAS*CO*97*4.00*1~
CAS*PR*2*0.71*1~
REF*6R*LNCLM130110201~
AMT*B6*6.00~
LQ*HE*N386~
CLP*CLM1301103*4*450.00*0.00*0.00*12*PCN757722121*11*1~
CAS*CO*4*450.00*1~
NM1*QC*1*Rivera*Karen****MI*PLN12148742~
NM1*82*1*Wright*Stephen****XX*1000031102~
DTM*232*20250906~
DTM*233*20250906~
SVC*HC:99391:25*450.00*0.00**3~
DTM*472*20250906~
CAS*CO*4*450.00*3~
REF*6R*LNCLM130110300~
AMT*B6*0.00~
LQ*HE*N362~
CLP*CLM1301104*4*20.00*0.00*0.00*12*PCN606409570*11*1~
CAS*PI*185*20.00*1~
NM1*QC*1*Lopez*Jason****MI*MEM51383536~
NM1*82*1*Wright*Stephen****XX*1000031102~
DTM*232*20250929~
DTM*233*20250929~
SVC*HC:92551:76*20.00*0.00**1~
DTM*472*20250929~
CAS*PI*185*20.00*1~
REF*6R*LNCLM130110400~
AMT*B6*0.00~
LQ*HE*M15~
PLB*912434240*20261231*FB*-341.64~
SE*83*131103~
GE*1*131102~
IEA*1*000131101~