ISA*00*          *00*          *ZZ*62308          *ZZ*1000030002     *260129*2334*^*00501*000130001*0*P*:~
GS*HP*62308*1000030002*20260129*2334*130002*X*005010X221A1~
ST*835*130003*005010X221A1~
BPR*I*0.00*C*ACH*CCP*01*074000078*DA*9012345678*62308**01*021202337*DA*9012345678*20260129~
TRN*1*T000000130000*1247654129~
DTM*405*20260129~
N1*PR*Cigna~
N3*8304 Park Dr~
N4*Jacksonville*FL*32099~
REF*2U*62308~
N1*PE*Chen John*XX*1000030002~
N3*683 River Rd~
N4*Los Angeles*CA*90001~
REF*TJ*276134870~
CLP*CLM1300000*4*60.00*0.00*0.00*12*PCN523695886*11*1~
CAS*CO*16*60.00*1~
NM1*QC*1*Williams*Kenneth****MI*GRP25940794~
NM1*82*1*Chen*John****XX*1000030002~
DTM*232*20251208~
DTM*233*20251208~
SVC*HC:92551:77*60.00*0.00**3~
DTM*472*20251208~
CAS*CO*16*60.00*3~
REF*6R*LNCLM130000000~
AMT*B6*0.00~
LQ*HE*N479~
CLP*CLM1300001*4*150.00*0.00*0.00*12*PCN486625202*11*1~
CAS*CO*16*150.00*1~
NM1*QC*1*Rodriguez*Dorothy****MI*GRP47240980~
NM1*82*1*Chen*John****XX*1000030002~
DTM*232*20251209~
DTM*233*20251209~
SVC*HC:90715*150.00*0.00**3~
DTM*472*20251209~
CAS*CO*16*150.00*3~
REF*6R*LNCLM130000100~
AMT*B6*0.00~
LQ*HE*N95~
PLB*383964137*20261231*CS*-92.80~
SE*38*130003~
GE*1*130002~
IEA*1*000130001~