ISA*00*          *00*          *ZZ*99726          *ZZ*1000030502     *251231*2334*^*00501*000130501*0*P*:~
GS*HP*99726*1000030502*20251231*2334*130502*X*005010X221A1~
ST*835*130503*005010X221A1~
BPR*I*476.66*C*ACH*CCP*01*081000032*DA*2345678901*99726**01*021000021*DA*9012345678*20251231~
TRN*1*T000000130500*1148920777~
DTM*405*20251231~
N1*PR*Tricare~
N3*3978 Market St~
N4*Houston*TX*77001~
REF*2U*99726~
N1*PE*Johnson James*XX*1000030502~
N3*6456 Market St~
N4*Phoenix*AZ*85001~
REF*TJ*782405042~
CLP*CLM1300500*1*190.00*113.77*46.23*15*PCN516557212*11*1~
CAS*CO*45*30.00*1~
CAS*PR*2*46.23*1~
NM1*QC*1*Allen*Emily****MI*GRP37789122~
NM1*82*1*Johnson*James****XX*1000030502~
DTM*232*20251215~
DTM*233*20251215~
SVC*HC:99213:51*190.00*113.77**2~
DTM*472*20251215~
CAS*CO*45*30.00*2~
CAS*PR*1*46.23*2~
REF*6R*LNCLM130050000~
AMT*B6*160.00~
LQ*HE*N95~
CLP*CLM1300501*1*435.00*248.09*58.92*15*PCN872770561*11*1~
CAS*CO*45*127.99*1~
CAS*PR*2*58.92*1~
NM1*QC*1*Williams*Linda****MI*GRP46074455~
NM1*82*1*Johnson*James****XX*1000030502~
DTM*232*20251206~
DTM*233*20251206~
SVC*HC:99203:50*260.00*134.07**2~
DTM*472*20251206~
CAS*CO*97*80.62*2~
CAS*PR*1*45.31*2~
REF*6R*LNCLM130050100~
AMT*B6*179.38~
LQ*HE*N95~
SVC*HC:99394:25*175.00*114.02**1~
DTM*472*20251206~
CAS*CO*97*47.37*1~
CAS*PR*3*13.61*1~
REF*6R*LNCLM130050101~
AMT*B6*127.63~
LQ*HE*N95~
CLP*CLM1300502*1*230.00*114.80*29.42*15*PCN895148858*11*1~
CAS*CO*97*85.78*1~
CAS*PR*3*29.42*1~
NM1*QC*1*Hill*George****MI*MEM92966362~
NM1*82*1*Johnson*James****XX*1000030502~
DTM*232*20260109~
DTM*233*20260109~
SVC*HC:99203:51*130.00*63.78**1~
DTM*472*20260109~
CAS*CO*97*51.66*1~
CAS*PR*3*14.56*1~
REF*6R*LNCLM130050200~
AMT*B6*78.34~
LQ*HE*MA130~
SVC*HC:90715:TC*100.00*51.02**2~
DTM*472*20260109~
CAS*CO*45*34.12*2~
CAS*PR*1*14.86*2~
REF*6R*LNCLM130050201~
AMT*B6*65.88~
LQ*HE*M15~
PLB*811040629*20251231*CS*-396.31~
SE*70*130503~
GE*1*130502~
IEA*1*000130501~