ISA*00*          *00*          *ZZ*91051          *ZZ*1000030602     *251211*2334*^*00501*000130601*0*P*:~
GS*HP*91051*1000030602*20251211*2334*130602*X*005010X221A1~
ST*835*130603*005010X221A1~
BPR*I*139.51*C*ACH*CCP*01*111000025*DA*2345678901*91051**01*021000021*DA*9012345678*20251211~
TRN*1*T000000130600*1212737967~
DTM*405*20251211~
N1*PR*Kaiser Permanente~
N3*723 Park Dr~
N4*Chicago*IL*60601~
REF*2U*91051~
N1*PE*Scott Karen*XX*1000030602~
N3*5538 Forest Dr~
N4*Houston*TX*77001~
REF*TJ*471533521~
CLP*CLM1300600*1*190.00*123.94*16.28*13*PCN492994528*11*1~
CAS*CO*45*49.78*1~
CAS*PR*3*16.28*1~
NM1*QC*1*Ramirez*David****MI*INS86717137~
NM1*82*1*Scott*Karen****XX*1000030602~
DTM*232*20260110~
DTM*233*20260110~
SVC*HC:99213:51*190.00*123.94**2~
DTM*472*20260110~
CAS*CO*45*49.78*2~
CAS*PR*1*16.28*2~
REF*6R*LNCLM130060000~
AMT*B6*140.22~
LQ*HE*MA130~
CLP*CLM1300601*1*30.00*15.57*4.54*13*PCN356880120*11*1~
CAS*CO*45*9.89*1~
CAS*PR*1*4.54*1~
NM1*QC*1*Williams*Jeffrey****MI*MEM53013298~
NM1*82*1*Scott*Karen****XX*1000030602~
DTM*232*20251031~
DTM*233*20251031~
SVC*HC:96110*30.00*15.57**2~
DTM*472*20251031~
CAS*CO*45*9.89*2~
CAS*PR*3*4.54*2~
REF*6R*LNCLM130060100~
AMT*B6*20.11~
LQ*HE*N362~
PLB*126145473*20251231*WO*-151.46~
SE*42*130603~
GE*1*130602~
IEA*1*000130601~