ISA*00*          *00*          *ZZ*62308          *ZZ*1000030102     *260126*2334*^*00501*000130101*0*P*:~
GS*HP*62308*1000030102*20260126*2334*130102*X*005010X221A1~
ST*835*130103*005010X221A1~
BPR*I*0.00*C*ACH*CCP*01*026009593*DA*4567890123*62308**01*122000247*DA*8901234567*20260126~
TRN*1*T000000130100*1522260071~
DTM*405*20260126~
N1*PR*Cigna~
N3*8304 Park Dr~
N4*Jacksonville*FL*32099~
REF*2U*62308~
N1*PE*Scott Sarah*XX*1000030102~
N3*4610 Sunset Blvd~
N4*Portland*OR*97201~
REF*TJ*692904924~
CLP*CLM1300100*4*550.00*0.00*0.00*12*PCN221915191*11*1~
CAS*CO*197*550.00*1~
NM1*QC*1*Hernandez*Joshua****MI*INS92789034~
NM1*82*1*Scott*Sarah****XX*1000030102~
DTM*232*20251019~
DTM*233*20251019~
SVC*HC:90715:RT*100.00*0.00**2~
DTM*472*20251019~
CAS*CO*197*100.00*2~
REF*6R*LNCLM130010000~
AMT*B6*0.00~
LQ*HE*MA130~
SVC*HC:99391:RT*450.00*0.00**3~
DTM*472*20251019~
CAS*CO*197*450.00*3~
REF*6R*LNCLM130010001~
AMT*B6*0.00~
LQ*HE*M15~
CLP*CLM1300101*4*350.00*0.00*0.00*12*PCN874780313*11*1~
CAS*CO*197*350.00*1~
NM1*QC*1*Hill*Joseph****MI*PLN31041171~
NM1*82*1*Scott*Sarah****XX*1000030102~
DTM*232*20251127~
DTM*233*20251127~
SVC*HC:90461:26*30.00*0.00**2~
DTM*472*20251127~
CAS*CO*197*30.00*2~
REF*6R*LNCLM130010100~
AMT*B6*0.00~
LQ*HE*M15~
SVC*HC:99392:50*320.00*0.00**2~
DTM*472*20251127~
CAS*CO*197*320.00*2~
REF*6R*LNCLM130010101~
AMT*B6*0.00~
LQ*HE*M15~
PLB*266603760*20261231*FB*-154.03~
SE*50*130103~
GE*1*130102~
IEA*1*000130101~