ISA*00*          *00*          *ZZ*91051          *ZZ*1000030902     *251227*2334*^*00501*000130901*0*P*:~
GS*HP*91051*1000030902*20251227*2334*130902*X*005010X221A1~
ST*835*130903*005010X221A1~
BPR*I*0.00*C*ACH*CCP*01*021000021*DA*2345678901*91051**01*071000013*DA*6789012345*20251227~
TRN*1*T000000130900*1586191833~
DTM*405*20251227~
N1*PR*Kaiser Permanente~
N3*723 Park Dr~
N4*Chicago*IL*60601~
REF*2U*91051~
N1*PE*Walker Robert*XX*1000030902~
N3*2326 Spring Ln~
N4*Phoenix*AZ*85001~
REF*TJ*266538017~
CLP*CLM1300900*4*160.00*0.00*0.00*13*PCN245903670*11*1~
CAS*PI*185*160.00*1~
NM1*QC*1*Garcia*Jessica****MI*MEM51425871~
NM1*82*1*Walker*Robert****XX*1000030902~
DTM*232*20251214~
DTM*233*20251215~
SVC*HC:99392*160.00*0.00**1~
DTM*472*20251214~
CAS*PI*185*160.00*1~
REF*6R*LNCLM130090000~
AMT*B6*0.00~
LQ*HE*M15~
CLP*CLM1300901*4*610.00*0.00*0.00*13*PCN561034796*11*1~
CAS*OA*109*610.00*1~
NM1*QC*1*Adams*Michael****MI*MEM94423630~
NM1*82*1*Walker*Robert****XX*1000030902~
DTM*232*20251212~
DTM*233*20251212~
SVC*HC:99214:25*290.00*0.00**2~
DTM*472*20251212~
CAS*OA*109*290.00*2~
REF*6R*LNCLM130090100~
AMT*B6*0.00~
LQ*HE*N95~
SVC*HC:99392*320.00*0.00**2~
DTM*472*20251212~
CAS*OA*109*320.00*2~
REF*6R*LNCLM130090101~
AMT*B6*0.00~
LQ*HE*N386~
PLB*182775457*20251231*L6*-449.73~
SE*44*130903~
GE*1*130902~
IEA*1*000130901~