ISA*00*          *00*          *ZZ*91051          *ZZ*1000030402     *260209*2334*^*00501*000130401*0*P*:~
GS*HP*91051*1000030402*20260209*2334*130402*X*005010X221A1~
ST*835*130403*005010X221A1~
BPR*I*0.00*C*ACH*CCP*01*111000025*DA*0123456789*91051**01*074000078*DA*4567890123*20260209~
TRN*1*T000000130400*1308471550~
DTM*405*20260209~
N1*PR*Kaiser Permanente~
N3*723 Park Dr~
N4*Chicago*IL*60601~
REF*2U*91051~
N1*PE*Anderson Daniel*XX*1000030402~
N3*5959 Pine St~
N4*San Diego*CA*92101~
REF*TJ*265366103~
CLP*CLM1300400*4*390.00*0.00*0.00*13*PCN942448667*11*1~
CAS*CO*27*390.00*1~
NM1*QC*1*Smith*Charles****MI*GRP98171838~
NM1*82*1*Anderson*Daniel****XX*1000030402~
DTM*232*20250913~
DTM*233*20250913~
SVC*HC:99203:TC*390.00*0.00**3~
DTM*472*20250913~
CAS*CO*27*390.00*3~
REF*6R*LNCLM130040000~
AMT*B6*0.00~
LQ*HE*N95~
CLP*CLM1300401*4*368.00*0.00*0.00*13*PCN903973080*11*1~
CAS*CO*96*368.00*1~
NM1*QC*1*Davis*Susan****MI*INS37420136~
NM1*82*1*Anderson*Daniel****XX*1000030402~
DTM*232*20250908~
DTM*233*20250908~
SVC*HC:87880:26*18.00*0.00**1~
DTM*472*20250908~
CAS*CO*96*18.00*1~
REF*6R*LNCLM130040100~
AMT*B6*0.00~
LQ*HE*N95~
SVC*HC:99394:26*350.00*0.00**2~
DTM*472*20250908~
CAS*CO*96*350.00*2~
REF*6R*LNCLM130040101~
AMT*B6*0.00~
LQ*HE*N386~
SE*43*130403~
GE*1*130402~
IEA*1*000130401~