ISA*00*          *00*          *ZZ*87726          *ZZ*1000030702     *260120*2334*^*00501*000130701*0*P*:~
GS*HP*87726*1000030702*20260120*2334*130702*X*005010X221A1~
ST*835*130703*005010X221A1~
BPR*I*0.00*C*ACH*CCP*01*111000025*DA*9012345678*87726**01*111000025*DA*2345678901*20260120~
TRN*1*T000000130700*1913773798~
DTM*405*20260120~
N1*PR*UnitedHealthcare~
N3*497 Washington Ave~
N4*Nashville*TN*37201~
REF*2U*87726~
N1*PE*Young Angela*XX*1000030702~
N3*9319 Highland Ave~
N4*Dallas*TX*75201~
REF*TJ*381759432~
CLP*CLM1300700*4*380.00*0.00*0.00*12*PCN337333615*11*1~
CAS*CO*11*380.00*1~
NM1*QC*1*Martin*Timothy****MI*GRP93960076~
NM1*82*1*Young*Angela****XX*1000030702~
DTM*232*20251015~
DTM*233*20251015~
SVC*HC:90460:51*60.00*0.00**2~
DTM*472*20251015~
CAS*CO*11*60.00*2~
REF*6R*LNCLM130070000~
AMT*B6*0.00~
LQ*HE*M15~
SVC*HC:99392:26*320.00*0.00**2~
DTM*472*20251015~
CAS*CO*11*320.00*2~
REF*6R*LNCLM130070001~
AMT*B6*0.00~
LQ*HE*M15~
CLP*CLM1300701*4*405.00*0.00*0.00*12*PCN357907443*11*1~
CAS*CO*167*405.00*1~
NM1*QC*1*Jackson*David****MI*GRP44591221~
NM1*82*1*Young*Angela****XX*1000030702~
DTM*232*20251217~
DTM*233*20251218~
SVC*HC:99203*260.00*0.00**2~
DTM*472*20251217~
CAS*CO*167*260.00*2~
REF*6R*LNCLM130070100~
AMT*B6*0.00~
LQ*HE*N479~
SVC*HC:99214:26*145.00*0.00**1~
DTM*472*20251217~
CAS*CO*167*145.00*1~
REF*6R*LNCLM130070101~
AMT*B6*0.00~
LQ*HE*MA130~
SE*49*130703~
GE*1*130702~
IEA*1*000130701~