ISA*00*          *00*          *ZZ*BCBS1          *ZZ*1000030302     *251126*2334*^*00501*000130301*0*P*:~
GS*HP*BCBS1*1000030302*20251126*2334*130302*X*005010X221A1~
ST*835*130303*005010X221A1~
BPR*I*0.00*C*ACH*CCP*01*021202337*DA*2345678901*BCBS1**01*081000032*DA*8901234567*20251126~
TRN*1*T000000130300*1812683271~
DTM*405*20251126~
N1*PR*Blue Cross Blue Shield~
N3*5918 College Ave~
N4*San Antonio*TX*78201~
REF*2U*BCBS1~
N1*PE*Anderson William*XX*1000030302~
N3*9236 Maple Dr~
N4*Charlotte*NC*28201~
REF*TJ*379676654~
CLP*CLM1300300*4*465.00*0.00*0.00*13*PCN332418036*11*1~
CAS*CO*29*465.00*1~
NM1*QC*1*Rivera*Jacob****MI*INS92718075~
NM1*82*1*Anderson*William****XX*1000030302~
DTM*232*20251201~
DTM*233*20251201~
SVC*HC:99392:25*320.00*0.00**2~
DTM*472*20251201~
CAS*CO*29*320.00*2~
REF*6R*LNCLM130030000~
AMT*B6*0.00~
LQ*HE*N479~
SVC*HC:99214:TC*145.00*0.00**1~
DTM*472*20251201~
CAS*CO*29*145.00*1~
REF*6R*LNCLM130030001~
AMT*B6*0.00~
LQ*HE*N479~
CLP*CLM1300301*4*150.00*0.00*0.00*13*PCN898588639*11*1~
CAS*CO*27*150.00*1~
NM1*QC*1*Sanchez*William****MI*INS89772527~
NM1*82*1*Anderson*William****XX*1000030302~
DTM*232*20251206~
DTM*233*20251207~
SVC*HC:99391:25*150.00*0.00**1~
DTM*472*20251206~
CAS*CO*27*150.00*1~
REF*6R*LNCLM130030100~
AMT*B6*0.00~
LQ*HE*N362~
SE*43*130303~
GE*1*130302~
IEA*1*000130301~