ISA*00*          *00*          *ZZ*87726          *ZZ*1000030802     *251214*2334*^*00501*000130801*0*P*:~
GS*HP*87726*1000030802*20251214*2334*130802*X*005010X221A1~
ST*835*130803*005010X221A1~
BPR*I*0.00*C*ACH*CCP*01*021000021*DA*9012345678*87726**01*122000247*DA*7890123456*20251214~
TRN*1*T000000130800*1186885517~
DTM*405*20251214~
N1*PR*UnitedHealthcare~
N3*497 Washington Ave~
N4*Nashville*TN*37201~
REF*2U*87726~
N1*PE*Chen Elizabeth*XX*1000030802~
N3*3958 River Rd~
N4*New York*NY*10001~
REF*TJ*669732381~
CLP*CLM1300800*4*450.00*0.00*0.00*12*PCN525416865*11*1~
CAS*CO*167*450.00*1~
NM1*QC*1*Scott*Steven****MI*GRP74926662~
NM1*82*1*Chen*Elizabeth****XX*1000030802~
DTM*232*20251018~
DTM*233*20251018~
SVC*HC:99391:59*450.00*0.00**3~
DTM*472*20251018~
CAS*CO*167*450.00*3~
REF*6R*LNCLM130080000~
AMT*B6*0.00~
LQ*HE*M15~
CLP*CLM1300801*4*480.00*0.00*0.00*12*PCN333055178*11*1~
CAS*CO*4*480.00*1~
NM1*QC*1*Flores*Andrew****MI*GRP95998445~
NM1*82*1*Chen*Elizabeth****XX*1000030802~
DTM*232*20251003~
DTM*233*20251003~
SVC*HC:99392:51*480.00*0.00**3~
DTM*472*20251003~
CAS*CO*4*480.00*3~
REF*6R*LNCLM130080100~
AMT*B6*0.00~
LQ*HE*M15~
PLB*489662811*20251231*CS*-78.33~
SE*38*130803~
GE*1*130802~
IEA*1*000130801~