ISA*00*          *00*          *ZZ*91051          *ZZ*1000030202     *251221*2334*^*00501*000130201*0*P*:~
GS*HP*91051*1000030202*20251221*2334*130202*X*005010X221A1~
ST*835*130203*005010X221A1~
BPR*I*0.00*C*ACH*CCP*01*074000078*DA*8901234567*91051**01*071000013*DA*4567890123*20251221~
TRN*1*T000000130200*1927836208~
DTM*405*20251221~
N1*PR*Kaiser Permanente~
N3*723 Park Dr~
N4*Chicago*IL*60601~
REF*2U*91051~
N1*PE*Lewis Jennifer*XX*1000030202~
N3*2366 Park Dr~
N4*Austin*TX*73301~
REF*TJ*465966400~
CLP*CLM1300200*4*51.00*0.00*0.00*13*PCN975112474*11*1~
CAS*CO*50*51.00*1~
NM1*QC*1*Rodriguez*Ashley****MI*MEM48011553~
NM1*82*1*Lewis*Jennifer****XX*1000030202~
DTM*232*20260102~
DTM*233*20260103~
SVC*HC:96110*15.00*0.00**1~
DTM*472*20260102~
CAS*CO*50*15.00*1~
REF*6R*LNCLM130020000~
AMT*B6*0.00~
LQ*HE*MA130~
SVC*HC:87880:50*36.00*0.00**2~
DTM*472*20260102~
CAS*CO*50*36.00*2~
REF*6R*LNCLM130020001~
AMT*B6*0.00~
LQ*HE*N362~
CLP*CLM1300201*4*175.00*0.00*0.00*13*PCN289895370*11*1~
CAS*CO*50*175.00*1~
NM1*QC*1*Young*Carol****MI*MEM58912609~
NM1*82*1*Lewis*Jennifer****XX*1000030202~
DTM*232*20251211~
DTM*233*20251211~
SVC*HC:99394*175.00*0.00**1~
DTM*472*20251211~
CAS*CO*50*175.00*1~
REF*6R*LNCLM130020100~
AMT*B6*0.00~
LQ*HE*N95~
CLP*CLM1300202*4*585.00*0.00*0.00*13*PCN163301455*11*1~
CAS*CO*50*585.00*1~
NM1*QC*1*Brown*Brian****MI*MEM74510340~
NM1*82*1*Lewis*Jennifer****XX*1000030202~
DTM*232*20260127~
DTM*233*20260127~
SVC*HC:99393:26*495.00*0.00**3~
DTM*472*20260127~
CAS*CO*50*495.00*3~
REF*6R*LNCLM130020200~
AMT*B6*0.00~
LQ*HE*MA130~
SVC*HC:90460:77*90.00*0.00**3~
DTM*472*20260127~
CAS*CO*50*90.00*3~
REF*6R*LNCLM130020201~
AMT*B6*0.00~
LQ*HE*N386~
SE*61*130203~
GE*1*130202~
IEA*1*000130201~