ISA*00*          *00*          *ZZ*CMS            *ZZ*1000031002     *260112*2334*^*00501*000131001*0*P*:~
GS*HP*CMS*1000031002*20260112*2334*131002*X*005010X221A1~
ST*835*131003*005010X221A1~
BPR*I*0.00*C*ACH*CCP*01*074000078*DA*5678901234*CMS**01*021000021*DA*4567890123*20260112~
TRN*1*T000000131000*1142073087~
DTM*405*20260112~
N1*PR*Medicare Part B~
N3*7173 Hill St~
N4*Columbus*OH*43085~
REF*2U*CMS~
N1*PE*Johnson John*XX*1000031002~
N3*6709 Oak Ave~
N4*Los Angeles*CA*90001~
REF*TJ*765737802~
CLP*CLM1301000*4*190.00*0.00*0.00*MA*PCN533187703*11*1~
CAS*OA*109*190.00*1~
NM1*QC*1*Scott*Linda****MI*PLN94399939~
NM1*82*1*Johnson*John****XX*1000031002~
DTM*232*20251223~
DTM*233*20251224~
SVC*HC:99213:TC*190.00*0.00**2~
DTM*472*20251223~
CAS*OA*109*190.00*2~
REF*6R*LNCLM130100000~
AMT*B6*0.00~
LQ*HE*N386~
CLP*CLM1301001*4*245.00*0.00*0.00*MA*PCN518457758*11*1~
CAS*OA*31*245.00*1~
NM1*QC*1*Moore*Stephanie****MI*PLN75724543~
NM1*82*1*Johnson*John****XX*1000031002~
DTM*232*20260124~
DTM*233*20260124~
SVC*HC:90715:26*100.00*0.00**2~
DTM*472*20260124~
CAS*OA*31*100.00*2~
REF*6R*LNCLM130100100~
AMT*B6*0.00~
LQ*HE*M15~
SVC*HC:99214:50*145.00*0.00**1~
DTM*472*20260124~
CAS*OA*31*145.00*1~
REF*6R*LNCLM130100101~
AMT*B6*0.00~
LQ*HE*N362~
CLP*CLM1301002*4*130.00*0.00*0.00*MA*PCN965929841*11*1~
CAS*PI*185*130.00*1~
NM1*QC*1*Baker*Kimberly****MI*PLN66045992~
NM1*82*1*Johnson*John****XX*1000031002~
DTM*232*20251020~
DTM*233*20251021~
SVC*HC:90707:26*130.00*0.00**2~
DTM*472*20251020~
CAS*PI*185*130.00*2~
REF*6R*LNCLM130100200~
AMT*B6*0.00~
LQ*HE*M15~
SE*55*131003~
GE*1*131002~
IEA*1*000131001~