ISA*00*          *00*          *ZZ*87726          *ZZ*1000040602     *251203*2334*^*00501*000140601*0*P*:~
GS*HP*87726*1000040602*20251203*2334*140602*X*005010X221A1~
ST*835*140603*005010X221A1~
BPR*I*41.45*C*ACH*CCP*01*111000025*DA*1234567890*87726**01*074000078*DA*3456789012*20251203~
TRN*1*T000000140600*1146163565~
DTM*405*20251203~
N1*PR*UnitedHealthcare~
N3*497 Washington Ave~
N4*Nashville*TN*37201~
REF*2U*87726~
N1*PE*Lewis Laura*XX*1000040602~
N3*8752 Elm Blvd~
N4*Austin*TX*73301~
REF*TJ*579636330~
CLP*CLM1400600*1*38.00*20.06*6.08*12*PCN914518441*11*1~
CAS*CO*97*11.86*1~
CAS*PR*2*6.08*1~
NM1*QC*1*Ramirez*Ronald****MI*PLN77460017~
NM1*82*1*Lewis*Laura****XX*1000040602~
DTM*232*20250929~
DTM*233*20250929~
SVC*HC:80048:76*18.00*8.91**1~
DTM*472*20250929~
CAS*CO*45*6.76*1~
CAS*PR*1*2.33*1~
REF*6R*LNCLM140060000~
AMT*B6*11.24~
LQ*HE*N479~
SVC*HC:81001:26*20.00*11.15**2~
DTM*472*20250929~
CAS*CO*45*5.10*2~
CAS*PR*3*3.75*2~
REF*6R*LNCLM140060001~
AMT*B6*14.90~
LQ*HE*N95~
CLP*CLM1400601*1*32.00*21.39*4.35*12*PCN416664995*11*1~
CAS*CO*97*6.26*1~
CAS*PR*3*4.35*1~
NM1*QC*1*Jackson*Jason****MI*INS36330191~
NM1*82*1*Lewis*Laura****XX*1000040602~
DTM*232*20250825~
DTM*233*20250826~
SVC*HC:81001:51*20.00*14.41**2~
DTM*472*20250825~
CAS*CO*97*3.72*2~
CAS*PR*2*1.87*2~
REF*6R*LNCLM140060100~
AMT*B6*16.28~
LQ*HE*N95~
SVC*HC:86580:RT*12.00*6.98**1~
DTM*472*20250825~
CAS*CO*97*2.54*1~
CAS*PR*3*2.48*1~
REF*6R*LNCLM140060101~
AMT*B6*9.46~
LQ*HE*N362~
SE*55*140603~
GE*1*140602~
IEA*1*000140601~