ISA*00*          *00*          *ZZ*87726          *ZZ*1000040102     *260101*2334*^*00501*000140101*0*P*:~
GS*HP*87726*1000040102*20260101*2334*140102*X*005010X221A1~
ST*835*140103*005010X221A1~
BPR*I*0.00*C*ACH*CCP*01*091000019*DA*5678901234*87726**01*021202337*DA*5678901234*20260101~
TRN*1*T000000140100*1760434672~
DTM*405*20260101~
N1*PR*UnitedHealthcare~
N3*497 Washington Ave~
N4*Nashville*TN*37201~
REF*2U*87726~
N1*PE*Brown William*XX*1000040102~
N3*8533 Maple Dr~
N4*Charlotte*NC*28201~
REF*TJ*283755354~
CLP*CLM1400100*4*116.00*0.00*0.00*12*PCN254402270*11*1~
CAS*CO*197*116.00*1~
NM1*QC*1*Wright*Margaret****MI*INS12080535~
NM1*82*1*Brown*William****XX*1000040102~
DTM*232*20250831~
DTM*233*20250901~
SVC*HC:80061:26*66.00*0.00**3~
DTM*472*20250831~
CAS*CO*197*66.00*3~
REF*6R*LNCLM140010000~
AMT*B6*0.00~
LQ*HE*MA130~
SVC*HC:80053*50.00*0.00**2~
DTM*472*20250831~
CAS*CO*197*50.00*2~
REF*6R*LNCLM140010001~
AMT*B6*0.00~
LQ*HE*N386~
CLP*CLM1400101*4*120.00*0.00*0.00*12*PCN936166602*11*1~
CAS*CO*197*120.00*1~
NM1*QC*1*Hernandez*Christopher****MI*INS24774049~
NM1*82*1*Brown*William****XX*1000040102~
DTM*232*20260130~
DTM*233*20260130~
SVC*HC:85025:50*45.00*0.00**3~
DTM*472*20260130~
CAS*CO*197*45.00*3~
REF*6R*LNCLM140010100~
AMT*B6*0.00~
LQ*HE*M15~
SVC*HC:84443:TC*75.00*0.00**3~
DTM*472*20260130~
CAS*CO*197*75.00*3~
REF*6R*LNCLM140010101~
AMT*B6*0.00~
LQ*HE*N479~
PLB*801790129*20261231*L6*-408.31~
SE*50*140103~
GE*1*140102~
IEA*1*000140101~