ISA*00*          *00*          *ZZ*ANTM1          *ZZ*1000040802     *260213*2334*^*00501*000140801*0*P*:~
GS*HP*ANTM1*1000040802*20260213*2334*140802*X*005010X221A1~
ST*835*140803*005010X221A1~
BPR*I*0.00*C*ACH*CCP*01*021000021*DA*4567890123*ANTM1**01*081000032*DA*9012345678*20260213~
TRN*1*T000000140800*1759532788~
DTM*405*20260213~
N1*PR*Anthem~
N3*5293 College Ave~
N4*Houston*TX*77001~
REF*2U*ANTM1~
N1*PE*Brown William*XX*1000040802~
N3*2194 Forest Dr~
N4*Fort Worth*TX*76101~
REF*TJ*157200039~
CLP*CLM1400800*4*39.00*0.00*0.00*12*PCN147906792*11*1~
CAS*CO*167*39.00*1~
NM1*QC*1*Robinson*Richard****MI*PLN76108998~
NM1*82*1*Brown*William****XX*1000040802~
DTM*232*20251002~
DTM*233*20251003~
SVC*HC:85025:TC*15.00*0.00**1~
DTM*472*20251002~
CAS*CO*167*15.00*1~
REF*6R*LNCLM140080000~
AMT*B6*0.00~
LQ*HE*N386~
SVC*HC:82947*24.00*0.00**3~
DTM*472*20251002~
CAS*CO*167*24.00*3~
REF*6R*LNCLM140080001~
AMT*B6*0.00~
LQ*HE*N386~
CLP*CLM1400801*4*40.00*0.00*0.00*12*PCN509172306*11*1~
CAS*CO*4*40.00*1~
NM1*QC*1*Sanchez*Thomas****MI*INS11144881~
NM1*82*1*Brown*William****XX*1000040802~
DTM*232*20251107~
DTM*233*20251108~
SVC*HC:83036:51*40.00*0.00**2~
DTM*472*20251107~
CAS*CO*4*40.00*2~
REF*6R*LNCLM140080100~
AMT*B6*0.00~
LQ*HE*N479~
PLB*857690624*20261231*CS*-498.21~
SE*44*140803~
GE*1*140802~
IEA*1*000140801~