ISA*00*          *00*          *ZZ*BCBS1          *ZZ*1000041102     *260124*2334*^*00501*000141101*0*P*:~
GS*HP*BCBS1*1000041102*20260124*2334*141102*X*005010X221A1~
ST*835*141103*005010X221A1~
BPR*I*10.41*C*ACH*CCP*01*021202337*DA*2345678901*BCBS1**01*091000019*DA*3456789012*20260124~
TRN*1*T000000141100*1707648048~
DTM*405*20260124~
N1*PR*Blue Cross Blue Shield~
N3*5918 College Ave~
N4*San Antonio*TX*78201~
REF*2U*BCBS1~
N1*PE*Martinez Christine*XX*1000041102~
N3*1159 Valley View Dr~
N4*Los Angeles*CA*90001~
REF*TJ*476541007~
CLP*CLM1401100*4*12.00*0.00*0.00*13*PCN169429174*11*1~
CAS*CO*16*12.00*1~
NM1*QC*1*Green*James****MI*GRP70677717~
NM1*82*1*Martinez*Christine****XX*1000041102~
DTM*232*20251121~
DTM*233*20251121~
SVC*HC:86580:RT*12.00*0.00**1~
DTM*472*20251121~
CAS*CO*16*12.00*1~
REF*6R*LNCLM140110000~
AMT*B6*0.00~
LQ*HE*N362~
CLP*CLM1401101*4*20.00*0.00*0.00*13*PCN787382706*11*1~
CAS*CO*29*20.00*1~
NM1*QC*1*Anderson*William****MI*INS38834577~
NM1*82*1*Martinez*Christine****XX*1000041102~
DTM*232*20251001~
DTM*233*20251002~
SVC*HC:83036*20.00*0.00**1~
DTM*472*20251001~
CAS*CO*29*20.00*1~
REF*6R*LNCLM140110100~
AMT*B6*0.00~
LQ*HE*N362~
CLP*CLM1401102*1*22.00*10.41*3.29*13*PCN787824253*11*1~
CAS*CO*97*8.30*1~
CAS*PR*1*3.29*1~
NM1*QC*1*Hill*Richard****MI*MEM81783088~
NM1*82*1*Martinez*Christine****XX*1000041102~
DTM*232*20251201~
DTM*233*20251202~
SVC*HC:82607:25*22.00*10.41**1~
DTM*472*20251201~
CAS*CO*97*8.30*1~
CAS*PR*2*3.29*1~
REF*6R*LNCLM140110200~
AMT*B6*13.70~
LQ*HE*N479~
CLP*CLM1401103*4*179.00*0.00*0.00*13*PCN399344691*11*1~
CAS*CO*4*179.00*1~
NM1*QC*1*Johnson*William****MI*INS37257434~
NM1*82*1*Martinez*Christine****XX*1000041102~
DTM*232*20251009~
DTM*233*20251009~
SVC*HC:80061:TC*44.00*0.00**2~
DTM*472*20251009~
CAS*CO*4*44.00*2~
REF*6R*LNCLM140110300~
AMT*B6*0.00~
LQ*HE*MA130~
SVC*HC:82306:77*135.00*0.00**3~
DTM*472*20251009~
CAS*CO*4*135.00*3~
REF*6R*LNCLM140110301~
AMT*B6*0.00~
LQ*HE*N386~
SE*69*141103~
GE*1*141102~
IEA*1*000141101~