ISA*00*          *00*          *ZZ*99726          *ZZ*1000040202     *260118*2334*^*00501*000140201*0*P*:~
GS*HP*99726*1000040202*20260118*2334*140202*X*005010X221A1~
ST*835*140203*005010X221A1~
BPR*I*0.00*C*ACH*CCP*01*021000021*DA*8901234567*99726**01*101000019*DA*2345678901*20260118~
TRN*1*T000000140200*1555213397~
DTM*405*20260118~
N1*PR*Tricare~
N3*3978 Market St~
N4*Houston*TX*77001~
REF*2U*99726~
N1*PE*Anderson Richard*XX*1000040202~
N3*9823 Elm Blvd~
N4*Denver*CO*80201~
REF*TJ*144490505~
CLP*CLM1400200*4*75.00*0.00*0.00*15*PCN795732663*11*1~
CAS*CO*50*75.00*1~
NM1*QC*1*Johnson*Mary****MI*INS14093018~
NM1*82*1*Anderson*Richard****XX*1000040202~
DTM*232*20250915~
DTM*233*20250916~
SVC*HC:84443:RT*75.00*0.00**3~
DTM*472*20250915~
CAS*CO*50*75.00*3~
REF*6R*LNCLM140020000~
AMT*B6*0.00~
LQ*HE*MA130~
CLP*CLM1400201*4*81.00*0.00*0.00*15*PCN206477343*11*1~
CAS*CO*50*81.00*1~
NM1*QC*1*Walker*Jeffrey****MI*GRP64679177~
NM1*82*1*Anderson*Richard****XX*1000040202~
DTM*232*20251211~
DTM*233*20251212~
SVC*HC:80048:76*36.00*0.00**2~
DTM*472*20251211~
CAS*CO*50*36.00*2~
REF*6R*LNCLM140020100~
AMT*B6*0.00~
LQ*HE*M15~
SVC*HC:85025:51*45.00*0.00**3~
DTM*472*20251211~
CAS*CO*50*45.00*3~
REF*6R*LNCLM140020101~
AMT*B6*0.00~
LQ*HE*M15~
CLP*CLM1400202*4*96.00*0.00*0.00*15*PCN504258516*11*1~
CAS*CO*50*96.00*1~
NM1*QC*1*Clark*Jessica****MI*GRP59906780~
NM1*82*1*Anderson*Richard****XX*1000040202~
DTM*232*20251020~
DTM*233*20251021~
SVC*HC:81001:76*30.00*0.00**3~
DTM*472*20251020~
CAS*CO*50*30.00*3~
REF*6R*LNCLM140020200~
AMT*B6*0.00~
LQ*HE*N95~
SVC*HC:80061*66.00*0.00**3~
DTM*472*20251020~
CAS*CO*50*66.00*3~
REF*6R*LNCLM140020201~
AMT*B6*0.00~
LQ*HE*MA130~
PLB*141345344*20261231*FB*-360.15~
SE*62*140203~
GE*1*140202~
IEA*1*000140201~