ISA*00*          *00*          *ZZ*62308          *ZZ*1000040402     *260219*2334*^*00501*000140401*0*P*:~
GS*HP*62308*1000040402*20260219*2334*140402*X*005010X221A1~
ST*835*140403*005010X221A1~
BPR*I*0.00*C*ACH*CCP*01*071000013*DA*8901234567*62308**01*074000078*DA*7890123456*20260219~
TRN*1*T000000140400*1333810219~
DTM*405*20260219~
N1*PR*Cigna~
N3*8304 Park Dr~
N4*Jacksonville*FL*32099~
REF*2U*62308~
N1*PE*Martinez Michael*XX*1000040402~
N3*9120 College Ave~
N4*Jacksonville*FL*32099~
REF*TJ*329243012~
CLP*CLM1400400*4*83.00*0.00*0.00*12*PCN627552780*11*1~
CAS*CO*27*83.00*1~
NM1*QC*1*Clark*William****MI*GRP40836880~
NM1*82*1*Martinez*Michael****XX*1000040402~
DTM*232*20251220~
DTM*233*20251220~
SVC*HC:82947:RT*8.00*0.00**1~
DTM*472*20251220~
CAS*CO*27*8.00*1~
REF*6R*LNCLM140040000~
AMT*B6*0.00~
LQ*HE*N95~
SVC*HC:84443:RT*75.00*0.00**3~
DTM*472*20251220~
CAS*CO*27*75.00*3~
REF*6R*LNCLM140040001~
AMT*B6*0.00~
LQ*HE*N479~
CLP*CLM1400401*4*28.00*0.00*0.00*12*PCN967915940*11*1~
CAS*CO*96*28.00*1~
NM1*QC*1*Martin*Sandra****MI*MEM95674984~
NM1*82*1*Martinez*Michael****XX*1000040402~
DTM*232*20251227~
DTM*233*20251227~
SVC*HC:84153:RT*28.00*0.00**1~
DTM*472*20251227~
CAS*CO*96*28.00*1~
REF*6R*LNCLM140040100~
AMT*B6*0.00~
LQ*HE*N386~
CLP*CLM1400402*4*28.00*0.00*0.00*12*PCN972574521*11*1~
CAS*CO*29*28.00*1~
NM1*QC*1*Torres*Paul****MI*GRP58814796~
NM1*82*1*Martinez*Michael****XX*1000040402~
DTM*232*20251118~
DTM*233*20251118~
SVC*HC:84153:77*28.00*0.00**1~
DTM*472*20251118~
CAS*CO*29*28.00*1~
REF*6R*LNCLM140040200~
AMT*B6*0.00~
LQ*HE*N386~
SE*55*140403~
GE*1*140402~
IEA*1*000140401~