ISA*00*          *00*          *ZZ*61101          *ZZ*1000040702     *251230*2334*^*00501*000140701*0*P*:~
GS*HP*61101*1000040702*20251230*2334*140702*X*005010X221A1~
ST*835*140703*005010X221A1~
BPR*I*0.00*C*ACH*CCP*01*081000032*DA*7890123456*61101**01*122000247*DA*2345678901*20251230~
TRN*1*T000000140700*1536383222~
DTM*405*20251230~
N1*PR*Humana~
N3*7536 Washington Ave~
N4*Seattle*WA*98101~
REF*2U*61101~
N1*PE*Chen Thomas*XX*1000040702~
N3*7691 Church St~
N4*San Jose*CA*95101~
REF*TJ*907142548~
CLP*CLM1400700*4*157.00*0.00*0.00*13*PCN669880335*11*1~
CAS*CO*11*157.00*1~
NM1*QC*1*Hall*Karen****MI*MEM69254851~
NM1*82*1*Chen*Thomas****XX*1000040702~
DTM*232*20260120~
DTM*233*20260120~
SVC*HC:82607:76*22.00*0.00**1~
DTM*472*20260120~
CAS*CO*11*22.00*1~
REF*6R*LNCLM140070000~
AMT*B6*0.00~
LQ*HE*M15~
SVC*HC:82306:25*135.00*0.00**3~
DTM*472*20260120~
CAS*CO*11*135.00*3~
REF*6R*LNCLM140070001~
AMT*B6*0.00~
LQ*HE*N95~
CLP*CLM1400701*4*81.00*0.00*0.00*13*PCN653857204*11*1~
CAS*CO*167*81.00*1~
NM1*QC*1*Hill*Betty****MI*MEM43947609~
NM1*82*1*Chen*Thomas****XX*1000040702~
DTM*232*20251015~
DTM*233*20251015~
SVC*HC:87086:51*36.00*0.00**2~
DTM*472*20251015~
CAS*CO*167*36.00*2~
REF*6R*LNCLM140070100~
AMT*B6*0.00~
LQ*HE*N95~
SVC*HC:85025:59*45.00*0.00**3~
DTM*472*20251015~
CAS*CO*167*45.00*3~
REF*6R*LNCLM140070101~
AMT*B6*0.00~
LQ*HE*MA130~
PLB*806932253*20251231*WO*-352.15~
SE*50*140703~
GE*1*140702~
IEA*1*000140701~