ISA*00*          *00*          *ZZ*87726          *ZZ*1000041002     *251222*2334*^*00501*000141001*0*P*:~
GS*HP*87726*1000041002*20251222*2334*141002*X*005010X221A1~
ST*835*141003*005010X221A1~
BPR*I*0.00*C*ACH*CCP*01*081000032*DA*4567890123*87726**01*021000021*DA*0123456789*20251222~
TRN*1*T000000141000*1583146883~
DTM*405*20251222~
N1*PR*UnitedHealthcare~
N3*497 Washington Ave~
N4*Nashville*TN*37201~
REF*2U*87726~
N1*PE*Clark Stephen*XX*1000041002~
N3*9903 Main St~
N4*Denver*CO*80201~
REF*TJ*138818333~
CLP*CLM1401000*4*25.00*0.00*0.00*12*PCN727330204*11*1~
CAS*OA*109*25.00*1~
NM1*QC*1*Martin*Linda****MI*GRP83199793~
NM1*82*1*Clark*Stephen****XX*1000041002~
DTM*232*20250916~
DTM*233*20250917~
SVC*HC:84443:59*25.00*0.00**1~
DTM*472*20250916~
CAS*OA*109*25.00*1~
REF*6R*LNCLM140100000~
AMT*B6*0.00~
LQ*HE*MA130~
CLP*CLM1401001*4*159.00*0.00*0.00*12*PCN639803908*11*1~
CAS*OA*31*159.00*1~
NM1*QC*1*Williams*Jessica****MI*MEM32967206~
NM1*82*1*Clark*Stephen****XX*1000041002~
DTM*232*20251225~
DTM*233*20251226~
SVC*HC:84153:TC*84.00*0.00**3~
DTM*472*20251225~
CAS*OA*31*84.00*3~
REF*6R*LNCLM140100100~
AMT*B6*0.00~
LQ*HE*M15~
SVC*HC:80053:TC*75.00*0.00**3~
DTM*472*20251225~
CAS*OA*31*75.00*3~
REF*6R*LNCLM140100101~
AMT*B6*0.00~
LQ*HE*M15~
CLP*CLM1401002*4*80.00*0.00*0.00*12*PCN997413587*11*1~
CAS*PI*185*80.00*1~
NM1*QC*1*Nelson*Robert****MI*INS94625143~
NM1*82*1*Clark*Stephen****XX*1000041002~
DTM*232*20260205~
DTM*233*20260206~
SVC*HC:85027:TC*24.00*0.00**2~
DTM*472*20260205~
CAS*PI*185*24.00*2~
REF*6R*LNCLM140100200~
AMT*B6*0.00~
LQ*HE*N479~
SVC*HC:84153:TC*56.00*0.00**2~
DTM*472*20260205~
CAS*PI*185*56.00*2~
REF*6R*LNCLM140100201~
AMT*B6*0.00~
LQ*HE*MA130~
PLB*434081252*20251231*WO*-222.30~
SE*62*141003~
GE*1*141002~
IEA*1*000141001~