ISA*00*          *00*          *ZZ*91051          *ZZ*1000040002     *251220*2334*^*00501*000140001*0*P*:~
GS*HP*91051*1000040002*20251220*2334*140002*X*005010X221A1~
ST*835*140003*005010X221A1~
BPR*I*0.00*C*ACH*CCP*01*101000019*DA*2345678901*91051**01*074000078*DA*2345678901*20251220~
TRN*1*T000000140000*1294463395~
DTM*405*20251220~
N1*PR*Kaiser Permanente~
N3*723 Park Dr~
N4*Chicago*IL*60601~
REF*2U*91051~
N1*PE*Clark Karen*XX*1000040002~
N3*4307 Pine St~
N4*Houston*TX*77001~
REF*TJ*674245162~
CLP*CLM1400000*4*50.00*0.00*0.00*13*PCN375763015*11*1~
CAS*CO*16*50.00*1~
NM1*QC*1*Taylor*Dorothy****MI*PLN26215254~
NM1*82*1*Clark*Karen****XX*1000040002~
DTM*232*20251219~
DTM*233*20251220~
SVC*HC:80053:TC*50.00*0.00**2~
DTM*472*20251219~
CAS*CO*16*50.00*2~
REF*6R*LNCLM140000000~
AMT*B6*0.00~
LQ*HE*MA130~
CLP*CLM1400001*4*66.00*0.00*0.00*13*PCN337222184*11*1~
CAS*CO*16*66.00*1~
NM1*QC*1*Moore*Linda****MI*PLN42788235~
NM1*82*1*Clark*Karen****XX*1000040002~
DTM*232*20251231~
DTM*233*20251231~
SVC*HC:80061:51*66.00*0.00**3~
DTM*472*20251231~
CAS*CO*16*66.00*3~
REF*6R*LNCLM140000100~
AMT*B6*0.00~
LQ*HE*N479~
CLP*CLM1400002*4*95.00*0.00*0.00*13*PCN872168458*11*1~
CAS*CO*16*95.00*1~
NM1*QC*1*Baker*David****MI*MEM15813234~
NM1*82*1*Clark*Karen****XX*1000040002~
DTM*232*20250830~
DTM*233*20250831~
SVC*HC:84443*75.00*0.00**3~
DTM*472*20250830~
CAS*CO*16*75.00*3~
REF*6R*LNCLM140000200~
AMT*B6*0.00~
LQ*HE*N95~
SVC*HC:81001:LT*20.00*0.00**2~
DTM*472*20250830~
CAS*CO*16*20.00*2~
REF*6R*LNCLM140000201~
AMT*B6*0.00~
LQ*HE*N386~
SE*55*140003~
GE*1*140002~
IEA*1*000140001~