ISA*00*          *00*          *ZZ*BCBS1          *ZZ*1000040302     *260129*2334*^*00501*000140301*0*P*:~
GS*HP*BCBS1*1000040302*20260129*2334*140302*X*005010X221A1~
ST*835*140303*005010X221A1~
BPR*I*0.00*C*ACH*CCP*01*026009593*DA*2345678901*BCBS1**01*081000032*DA*6789012345*20260129~
TRN*1*T000000140300*1485047966~
DTM*405*20260129~
N1*PR*Blue Cross Blue Shield~
N3*5918 College Ave~
N4*San Antonio*TX*78201~
REF*2U*BCBS1~
N1*PE*Smith Angela*XX*1000040302~
N3*8338 Main St~
N4*Seattle*WA*98101~
REF*TJ*964649777~
CLP*CLM1400300*4*135.00*0.00*0.00*13*PCN721787115*11*1~
CAS*CO*29*135.00*1~
NM1*QC*1*Wright*Matthew****MI*MEM48628069~
NM1*82*1*Smith*Angela****XX*1000040302~
DTM*232*20251029~
DTM*233*20251030~
SVC*HC:82306:59*135.00*0.00**3~
DTM*472*20251029~
CAS*CO*29*135.00*3~
REF*6R*LNCLM140030000~
AMT*B6*0.00~
LQ*HE*N362~
CLP*CLM1400301*4*76.00*0.00*0.00*13*PCN929956229*11*1~
CAS*CO*27*76.00*1~
NM1*QC*1*Jones*Ronald****MI*PLN57801627~
NM1*82*1*Smith*Angela****XX*1000040302~
DTM*232*20251016~
DTM*233*20251017~
SVC*HC:81001:59*10.00*0.00**1~
DTM*472*20251016~
CAS*CO*27*10.00*1~
REF*6R*LNCLM140030100~
AMT*B6*0.00~
LQ*HE*M15~
SVC*HC:82607:51*66.00*0.00**3~
DTM*472*20251016~
CAS*CO*27*66.00*3~
REF*6R*LNCLM140030101~
AMT*B6*0.00~
LQ*HE*N95~
SE*43*140303~
GE*1*140302~
IEA*1*000140301~