ISA*00*          *00*          *ZZ*91051          *ZZ*1000040902     *260104*2334*^*00501*000140901*0*P*:~
GS*HP*91051*1000040902*20260104*2334*140902*X*005010X221A1~
ST*835*140903*005010X221A1~
BPR*I*0.00*C*ACH*CCP*01*081000032*DA*1234567890*91051**01*111000025*DA*8901234567*20260104~
TRN*1*T000000140900*1144689970~
DTM*405*20260104~
N1*PR*Kaiser Permanente~
N3*723 Park Dr~
N4*Chicago*IL*60601~
REF*2U*91051~
N1*PE*Patel Thomas*XX*1000040902~
N3*6552 Lake Rd~
N4*Seattle*WA*98101~
REF*TJ*777203065~
CLP*CLM1400900*4*30.00*0.00*0.00*13*PCN987498063*11*1~
CAS*PI*185*30.00*1~
NM1*QC*1*Flores*Elizabeth****MI*INS47837702~
NM1*82*1*Patel*Thomas****XX*1000040902~
DTM*232*20260118~
DTM*233*20260119~
SVC*HC:81001:26*10.00*0.00**1~
DTM*472*20260118~
CAS*PI*185*10.00*1~
REF*6R*LNCLM140090000~
AMT*B6*0.00~
LQ*HE*N386~
SVC*HC:83036:25*20.00*0.00**1~
DTM*472*20260118~
CAS*PI*185*20.00*1~
REF*6R*LNCLM140090001~
AMT*B6*0.00~
LQ*HE*MA130~
CLP*CLM1400901*4*20.00*0.00*0.00*13*PCN782551746*11*1~
CAS*OA*109*20.00*1~
NM1*QC*1*Allen*Patricia****MI*PLN77292493~
NM1*82*1*Patel*Thomas****XX*1000040902~
DTM*232*20250828~
DTM*233*20250829~
SVC*HC:83036:26*20.00*0.00**1~
DTM*472*20250828~
CAS*OA*109*20.00*1~
REF*6R*LNCLM140090100~
AMT*B6*0.00~
LQ*HE*M15~
CLP*CLM1400902*4*100.00*0.00*0.00*13*PCN419633200*11*1~
CAS*OA*31*100.00*1~
NM1*QC*1*Hernandez*Kevin****MI*GRP68154051~
NM1*82*1*Patel*Thomas****XX*1000040902~
DTM*232*20251025~
DTM*233*20251026~
SVC*HC:81001:RT*30.00*0.00**3~
DTM*472*20251025~
CAS*OA*31*30.00*3~
REF*6R*LNCLM140090200~
AMT*B6*0.00~
LQ*HE*N386~
SVC*HC:87491:TC*70.00*0.00**2~
DTM*472*20251025~
CAS*OA*31*70.00*2~
REF*6R*LNCLM140090201~
AMT*B6*0.00~
LQ*HE*N362~
PLB*441882957*20261231*CS*-392.74~
SE*62*140903~
GE*1*140902~
IEA*1*000140901~