ISA*00*          *00*          *ZZ*CMS            *ZZ*1000040502     *251204*2334*^*00501*000140501*0*P*:~
GS*HP*CMS*1000040502*20251204*2334*140502*X*005010X221A1~
ST*835*140503*005010X221A1~
BPR*I*40.81*C*ACH*CCP*01*101000019*DA*5678901234*CMS**01*074000078*DA*9012345678*20251204~
TRN*1*T000000140500*1190252682~
DTM*405*20251204~
N1*PR*Medicare Part B~
N3*7173 Hill St~
N4*Columbus*OH*43085~
REF*2U*CMS~
N1*PE*Chen Elizabeth*XX*1000040502~
N3*9977 Maple Dr~
N4*Philadelphia*PA*19101~
REF*TJ*846144367~
CLP*CLM1400500*1*44.00*20.84*6.22*MA*PCN778488271*11*1~
CAS*CO*97*16.94*1~
CAS*PR*1*6.22*1~
NM1*QC*1*Garcia*Mary****MI*INS29648622~
NM1*82*1*Chen*Elizabeth****XX*1000040502~
DTM*232*20251206~
DTM*233*20251207~
SVC*HC:82607:76*44.00*20.84**2~
DTM*472*20251206~
CAS*CO*97*16.94*2~
CAS*PR*3*6.22*2~
REF*6R*LNCLM140050000~
AMT*B6*27.06~
LQ*HE*N386~
CLP*CLM1400501*1*44.00*19.97*6.52*MA*PCN332977839*11*1~
CAS*CO*45*17.51*1~
CAS*PR*3*6.52*1~
NM1*QC*1*Taylor*Rebecca****MI*MEM73068981~
NM1*82*1*Chen*Elizabeth****XX*1000040502~
DTM*232*20251225~
DTM*233*20251225~
SVC*HC:82607:RT*44.00*19.97**2~
DTM*472*20251225~
CAS*CO*45*17.51*2~
CAS*PR*1*6.52*2~
REF*6R*LNCLM140050100~
AMT*B6*26.49~
LQ*HE*N386~
PLB*597469465*20251231*FB*-499.78~
SE*42*140503~
GE*1*140502~
IEA*1*000140501~