ISA*00*          *00*          *ZZ*BCBS1          *ZZ*1000006702     *20251127*2335*^*00501*000000007*0*P*:~
GS*HP*BCBS1*1000006702*20251127*2335*00007*X*005010X221A1~
ST*835*00000007~
BPR*H*0.00*C*NON************20251127~
TRN*1*TRC000074601*1BCBS1~
DTM*405*20251127~
N1*PR*Blue Cross Blue Shield*XV*BCBS1~
N3*PO Box 48349~
N4*Seattle*WA*98101~
N1*PE*Jennifer Thompson, DO FACP*XX*1000006702~
N3*5131 College Ave~
N4*San Jose*CA*95101~
REF*TJ*788128183~
CLP*CLM0000700*4*42.00*0.00*0.00*HMO*PYR0000700141~
CAS*CO*197*42.00~
NM1*QC*1*Wilson*Robert****MI*GRP55464983~
NM1*82*1*Thompson*Jennifer****XX*1000006702~
DTM*232*20260102~
DTM*233*20260103~
SVC*HC:99490*42.00*0.00**2~
CAS*CO*197*42.00~
DTM*472*20260102~
REF*6R*LNCLM00007008419~
AMT*B6*0.00~
LQ*HE*MA130~
CLP*CLM0000701*4*42.00*0.00*0.00*HMO*PYR0000701660~
CAS*PI*50*42.00~
NM1*QC*1*Green*Donald****MI*INS53621384~
NM1*82*1*Thompson*Jennifer****XX*1000006702~
DTM*232*20251111~
DTM*233*20251112~
SVC*HC:99490*42.00*0.00**1~
CAS*PI*50*42.00~
DTM*472*20251111~
REF*6R*LNCLM00007011253~
AMT*B6*0.00~
LQ*HE*MA130~
CLP*CLM0000702*4*25.00*0.00*0.00*HMO*PYR0000702622~
CAS*PI*197*25.00~
NM1*QC*1*Smith*William****MI*PLN40186869~
NM1*82*1*Thompson*Jennifer****XX*1000006702~
DTM*232*20250924~
DTM*233*20250925~
SVC*HC:96372*25.00*0.00**1~
CAS*PI*197*25.00~
DTM*472*20250924~
REF*6R*LNCLM00007022419~
AMT*B6*0.00~
LQ*HE*MA130~
SE*48*00000007~
GE*1*00007~
IEA*1*000000007~