ISA*00*          *00*          *ZZ*MDCD           *ZZ*1000003402     *20251227*2335*^*00501*000000004*0*P*:~
GS*HP*MDCD*1000003402*20251227*2335*00004*X*005010X221A1~
ST*835*00000004~
BPR*H*0.00*C*NON************20251227~
TRN*1*TRC000042520*1MDCD~
DTM*405*20251227~
N1*PR*Medicaid*XV*MDCD~
N3*PO Box 75530~
N4*Austin*TX*73301~
N1*PE*John Thompson, DO*XX*1000003402~
N3*6271 Forest Dr~
N4*Fort Worth*TX*76101~
REF*TJ*681532342~
CLP*CLM0000400*4*120.00*0.00*0.00*Medicaid*PYR0000400104~
CAS*CO*11*120.00~
NM1*QC*1*Hernandez*Kenneth****MI*PLN77744175~
NM1*82*1*Thompson*John****XX*1000003402~
DTM*232*20260119~
DTM*233*20260120~
SVC*HC:G0439*120.00*0.00**3~
CAS*CO*11*120.00~
DTM*472*20260119~
REF*6R*LNCLM00004008922~
AMT*B6*0.00~
LQ*HE*N386~
CLP*CLM0000401*4*95.00*0.00*0.00*Medicaid*PYR0000401582~
CAS*CO*167*95.00~
NM1*QC*1*Robinson*Timothy****MI*GRP23533888~
NM1*82*1*Thompson*John****XX*1000003402~
DTM*232*20251216~
DTM*233*20251216~
SVC*HC:99213*95.00*0.00**1~
CAS*CO*167*95.00~
DTM*472*20251216~
REF*6R*LNCLM00004016989~
AMT*B6*0.00~
LQ*HE*N386~
CLP*CLM0000402*4*120.00*0.00*0.00*Medicaid*PYR0000402115~
CAS*CO*97*120.00~
NM1*QC*1*Williams*Elizabeth****MI*GRP89490674~
NM1*82*1*Thompson*John****XX*1000003402~
DTM*232*20251027~
DTM*233*20251027~
SVC*HC:G0439*120.00*0.00**2~
CAS*CO*97*120.00~
DTM*472*20251027~
REF*6R*LNCLM00004025903~
AMT*B6*0.00~
LQ*HE*N386~
SE*48*00000004~
GE*1*00004~
IEA*1*000000004~