ISA*00*          *00*          *ZZ*87726          *ZZ*1000003502     *20251212*2335*^*00501*000000005*0*P*:~
GS*HP*87726*1000003502*20251212*2335*00005*X*005010X221A1~
ST*835*00000005~
BPR*H*0.00*C*NON************20251212~
TRN*1*TRC000052643*187726~
DTM*405*20251212~
N1*PR*UnitedHealthcare*XV*87726~
N3*PO Box 27506~
N4*San Antonio*TX*78201~
N1*PE*Patricia Thompson, DO*XX*1000003502~
N3*8527 Cedar Ln~
N4*Columbus*OH*43085~
REF*TJ*600918630~
CLP*CLM0000500*4*200.00*0.00*0.00*PPO*PYR0000500638~
CAS*CO*97*200.00~
NM1*QC*1*Davis*Linda****MI*MEM88179521~
NM1*82*1*Thompson*Patricia****XX*1000003502~
DTM*232*20251108~
DTM*233*20251108~
SVC*HC:99385*200.00*0.00**1~
CAS*CO*97*200.00~
DTM*472*20251108~
REF*6R*LNCLM00005008415~
AMT*B6*0.00~
LQ*HE*N386~
CLP*CLM0000501*4*120.00*0.00*0.00*PPO*PYR0000501440~
CAS*CO*11*120.00~
NM1*QC*1*Allen*Deborah****MI*MEM89009500~
NM1*82*1*Thompson*Patricia****XX*1000003502~
DTM*232*20251220~
DTM*233*20251221~
SVC*HC:G0439*120.00*0.00**2~
CAS*CO*11*120.00~
DTM*472*20251220~
REF*6R*LNCLM00005017364~
AMT*B6*0.00~
LQ*HE*N386~
CLP*CLM0000502*4*130.00*0.00*0.00*PPO*PYR0000502670~
CAS*CO*97*130.00~
NM1*QC*1*Baker*Daniel****MI*GRP23809638~
NM1*82*1*Thompson*Patricia****XX*1000003502~
DTM*232*20251127~
DTM*233*20251128~
SVC*HC:99203*130.00*0.00**1~
CAS*CO*97*130.00~
DTM*472*20251127~
REF*6R*LNCLM00005025520~
AMT*B6*0.00~
LQ*HE*N386~
SE*48*00000005~
GE*1*00005~
IEA*1*000000005~