ISA*00*          *00*          *ZZ*BCBS1          *ZZ*1000000202     *20251227*2335*^*00501*000000002*0*P*:~
GS*HP*BCBS1*1000000202*20251227*2335*00002*X*005010X221A1~
ST*835*00000002~
BPR*H*0.00*C*NON************20251227~
TRN*1*TRC000022400*1BCBS1~
DTM*405*20251227~
N1*PR*Blue Cross Blue Shield*XV*BCBS1~
N3*PO Box 86533~
N4*San Antonio*TX*78201~
N1*PE*Thomas Walker, MD FACS*XX*1000000202~
N3*2274 Valley View Dr~
N4*Indianapolis*IN*46201~
REF*TJ*456658273~
CLP*CLM0000200*4*95.00*0.00*0.00*HMO*PYR0000200775~
CAS*OA*27*95.00~
NM1*QC*1*Hernandez*Betty****MI*INS62851611~
NM1*82*1*Walker*Thomas****XX*1000000202~
DTM*232*20250930~
DTM*233*20251001~
SVC*HC:99213*95.00*0.00**3~
CAS*OA*27*95.00~
DTM*472*20250930~
REF*6R*LNCLM00002008487~
AMT*B6*0.00~
LQ*HE*N362~
CLP*CLM0000201*4*175.00*0.00*0.00*HMO*PYR0000201131~
CAS*CO*31*175.00~
NM1*QC*1*Clark*Michael****MI*MEM30115392~
NM1*82*1*Walker*Thomas****XX*1000000202~
DTM*232*20251003~
DTM*233*20251003~
SVC*HC:G0438*175.00*0.00**1~
CAS*CO*31*175.00~
DTM*472*20251003~
REF*6R*LNCLM00002019946~
AMT*B6*0.00~
LQ*HE*N362~
SE*36*00000002~
GE*1*00002~
IEA*1*000000002~