ISA*00*          *00*          *ZZ*91051          *ZZ*1000012202     *20251203*2335*^*00501*000000012*0*P*:~
GS*HP*91051*1000012202*20251203*2335*00012*X*005010X221A1~
ST*835*00000012~
BPR*H*71.78*C*NON************20251203~
TRN*1*TRC000128085*191051~
DTM*405*20251203~
N1*PR*Kaiser Permanente*XV*91051~
N3*PO Box 94490~
N4*San Diego*CA*92101~
N1*PE*James Robinson, MD FACS*XX*1000012202~
N3*4717 Sunset Blvd~
N4*Indianapolis*IN*46201~
REF*TJ*575722638~
CLP*CLM0001200*4*42.00*0.00*0.00*HMO*PYR0001200959~
CAS*PI*11*42.00~
NM1*QC*1*Baker*Linda****MI*INS86289262~
NM1*82*1*Robinson*James****XX*1000012202~
DTM*232*20251104~
DTM*233*20251105~
SVC*HC:99490*42.00*0.00**1~
CAS*PI*11*42.00~
DTM*472*20251104~
REF*6R*LNCLM00012009292~
AMT*B6*0.00~
LQ*HE*MA04~
CLP*CLM0001201*2*120.00*28.18*6.53*HMO*PYR0001201757~
CAS*PI*109*85.29~
CAS*PR*1*6.53~
NM1*QC*1*Brown*George****MI*GRP81943756~
NM1*82*1*Robinson*James****XX*1000012202~
DTM*232*20250914~
DTM*233*20250914~
SVC*HC:G0439*120.00*28.18**1~
CAS*PI*109*85.29~
CAS*PR*1*6.53~
DTM*472*20250914~
REF*6R*LNCLM00012012690~
AMT*B6*34.71~
LQ*HE*N362~
CLP*CLM0001202*4*275.00*0.00*0.00*HMO*PYR0001202115~
CAS*PI*97*275.00~
NM1*QC*1*Lopez*Cynthia****MI*INS70369223~
NM1*82*1*Robinson*James****XX*1000012202~
DTM*232*20251005~
DTM*233*20251005~
SVC*HC:99205*275.00*0.00**1~
CAS*PI*97*275.00~
DTM*472*20251005~
REF*6R*LNCLM00012025945~
AMT*B6*0.00~
LQ*HE*N381~
CLP*CLM0001203*4*275.00*0.00*0.00*HMO*PYR0001203600~
CAS*CO*27*275.00~
NM1*QC*1*Davis*Daniel****MI*GRP76582674~
NM1*82*1*Robinson*James****XX*1000012202~
DTM*232*20250906~
DTM*233*20250906~
SVC*HC:99205*275.00*0.00**2~
CAS*CO*27*275.00~
DTM*472*20250906~
REF*6R*LNCLM00012038663~
AMT*B6*0.00~
LQ*HE*N386~
CLP*CLM0001204*2*200.00*43.60*19.76*HMO*PYR0001204986~
CAS*CO*11*136.64~
CAS*PR*3*19.76~
NM1*QC*1*Garcia*Edward****MI*PLN16100793~
NM1*82*1*Robinson*James****XX*1000012202~
DTM*232*20251129~
DTM*233*20251129~
SVC*HC:99204*200.00*43.60**1~
CAS*CO*11*136.64~
CAS*PR*3*19.76~
DTM*472*20251129~
REF*6R*LNCLM00012046584~
AMT*B6*63.36~
LQ*HE*MA04~
CLP*CLM0001205*4*42.00*0.00*3.78*HMO*PYR0001205448~
CAS*PI*11*38.22~
CAS*PR*3*3.78~
NM1*QC*1*Martinez*Timothy****MI*MEM42723049~
NM1*82*1*Robinson*James****XX*1000012202~
DTM*232*20251108~
DTM*233*20251108~
SVC*HC:99490*42.00*0.00**2~
CAS*PI*11*38.22~
CAS*PR*3*3.78~
DTM*472*20251108~
REF*6R*LNCLM00012055555~
AMT*B6*0.00~
LQ*HE*MA130~
SE*90*00000012~
GE*1*00012~
IEA*1*000000012~