ISA*00*          *00*          *ZZ*60054          *ZZ*1000009002     *20251219*2335*^*00501*000000010*0*P*:~
GS*HP*60054*1000009002*20251219*2335*00010*X*005010X221A1~
ST*835*00000010~
BPR*H*0.00*C*NON************20251219~
TRN*1*TRC000108704*160054~
DTM*405*20251219~
N1*PR*Aetna*XV*60054~
N3*PO Box 69632~
N4*New York*NY*10001~
N1*PE*Elizabeth Thompson, MD*XX*1000009002~
N3*4998 Highland Ave~
N4*Chicago*IL*60601~
REF*TJ*119264351~
CLP*CLM0001000*4*42.00*0.00*0.00*PPO*PYR0001000968~
CAS*PI*222*42.00~
NM1*QC*1*Green*Karen****MI*INS51966816~
NM1*82*1*Thompson*Elizabeth****XX*1000009002~
DTM*232*20251206~
DTM*233*20251206~
SVC*HC:99490*42.00*0.00**2~
CAS*PI*222*42.00~
DTM*472*20251206~
REF*6R*LNCLM00010008984~
AMT*B6*0.00~
LQ*HE*N381~
CLP*CLM0001001*4*120.00*0.00*0.00*PPO*PYR0001001944~
CAS*OA*222*120.00~
NM1*QC*1*Rodriguez*Margaret****MI*PLN10447240~
NM1*82*1*Thompson*Elizabeth****XX*1000009002~
DTM*232*20250904~
DTM*233*20250904~
SVC*HC:G0439*120.00*0.00**2~
CAS*OA*222*120.00~
DTM*472*20250904~
REF*6R*LNCLM00010014316~
AMT*B6*0.00~
LQ*HE*N381~
CLP*CLM0001002*4*175.00*0.00*0.00*PPO*PYR0001002443~
CAS*OA*109*175.00~
NM1*QC*1*Green*Amanda****MI*GRP43504399~
NM1*82*1*Thompson*Elizabeth****XX*1000009002~
DTM*232*20251126~
DTM*233*20251127~
SVC*HC:G0438*175.00*0.00**1~
CAS*OA*109*175.00~
DTM*472*20251126~
REF*6R*LNCLM00010027188~
AMT*B6*0.00~
LQ*HE*N381~
SE*48*00000010~
GE*1*00010~
IEA*1*000000010~