ISA*00*          *00*          *ZZ*BCBS1          *ZZ*1000006802     *20260207*2335*^*00501*000000008*0*P*:~
GS*HP*BCBS1*1000006802*20260207*2335*00008*X*005010X221A1~
ST*835*00000008~
BPR*H*0.00*C*NON************20260207~
TRN*1*TRC000086696*1BCBS1~
DTM*405*20260207~
N1*PR*Blue Cross Blue Shield*XV*BCBS1~
N3*PO Box 69146~
N4*Jacksonville*FL*32099~
N1*PE*David Patel, MD*XX*1000006802~
N3*4389 River Rd~
N4*Portland*OR*97201~
REF*TJ*765031081~
CLP*CLM0000800*4*275.00*0.00*0.00*HMO*PYR0000800729~
CAS*PI*50*275.00~
NM1*QC*1*Allen*Stephanie****MI*INS91780712~
NM1*82*1*Patel*David****XX*1000006802~
DTM*232*20251014~
DTM*233*20251015~
SVC*HC:99205*275.00*0.00**3~
CAS*PI*50*275.00~
DTM*472*20251014~
REF*6R*LNCLM00008007506~
AMT*B6*0.00~
LQ*HE*MA130~
CLP*CLM0000801*4*130.00*0.00*0.00*HMO*PYR0000801534~
CAS*CO*50*130.00~
NM1*QC*1*White*Matthew****MI*INS75823427~
NM1*82*1*Patel*David****XX*1000006802~
DTM*232*20251118~
DTM*233*20251118~
SVC*HC:99203*130.00*0.00**1~
CAS*CO*50*130.00~
DTM*472*20251118~
REF*6R*LNCLM00008019655~
AMT*B6*0.00~
LQ*HE*MA130~
SE*36*00000008~
GE*1*00008~
IEA*1*000000008~