ISA*00*          *00*          *ZZ*BCBS1          *ZZ*1000003602     *20251210*2335*^*00501*000000006*0*P*:~
GS*HP*BCBS1*1000003602*20251210*2335*00006*X*005010X221A1~
ST*835*00000006~
BPR*H*0.00*C*NON************20251210~
TRN*1*TRC000067216*1BCBS1~
DTM*405*20251210~
N1*PR*Blue Cross Blue Shield*XV*BCBS1~
N3*PO Box 23869~
N4*Houston*TX*77001~
N1*PE*Jennifer Lewis, MD*XX*1000003602~
N3*8837 Elm Blvd~
N4*San Jose*CA*95101~
REF*TJ*289934451~
CLP*CLM0000600*4*45.00*0.00*0.00*HMO*PYR0000600612~
CAS*CO*11*45.00~
NM1*QC*1*Perez*Jessica****MI*GRP51578866~
NM1*82*1*Lewis*Jennifer****XX*1000003602~
DTM*232*20251206~
DTM*233*20251207~
SVC*HC:71046*45.00*0.00**3~
CAS*CO*11*45.00~
DTM*472*20251206~
REF*6R*LNCLM00006006153~
AMT*B6*0.00~
LQ*HE*N386~
CLP*CLM0000601*4*95.00*0.00*0.00*HMO*PYR0000601858~
CAS*CO*97*95.00~
NM1*QC*1*Baker*Melissa****MI*INS61374063~
NM1*82*1*Lewis*Jennifer****XX*1000003602~
DTM*232*20250907~
DTM*233*20250907~
SVC*HC:99213*95.00*0.00**1~
CAS*CO*97*95.00~
DTM*472*20250907~
REF*6R*LNCLM00006014041~
AMT*B6*0.00~
LQ*HE*N386~
CLP*CLM0000602*4*42.00*0.00*0.00*HMO*PYR0000602693~
CAS*CO*97*42.00~
NM1*QC*1*Rivera*Barbara****MI*PLN70657008~
NM1*82*1*Lewis*Jennifer****XX*1000003602~
DTM*232*20251120~
DTM*233*20251120~
SVC*HC:99490*42.00*0.00**1~
CAS*CO*97*42.00~
DTM*472*20251120~
REF*6R*LNCLM00006024274~
AMT*B6*0.00~
LQ*HE*N386~
SE*48*00000006~
GE*1*00006~
IEA*1*000000006~