ISA*00*          *00*          *ZZ*MDCD           *ZZ*1000000302     *20260129*2335*^*00501*000000003*0*P*:~
GS*HP*MDCD*1000000302*20260129*2335*00003*X*005010X221A1~
ST*835*00000003~
BPR*H*0.00*C*NON************20260129~
TRN*1*TRC000034395*1MDCD~
DTM*405*20260129~
N1*PR*Medicaid*XV*MDCD~
N3*PO Box 65955~
N4*Seattle*WA*98101~
N1*PE*Karen Young, DO FACP*XX*1000000302~
N3*7495 Oak Ave~
N4*San Diego*CA*92101~
REF*TJ*952080046~
CLP*CLM0000300*4*25.00*0.00*0.00*Medicaid*PYR0000300455~
CAS*OA*31*25.00~
NM1*QC*1*Lopez*Stephanie****MI*PLN12300301~
NM1*82*1*Young*Karen****XX*1000000302~
DTM*232*20250827~
DTM*233*20250827~
SVC*HC:96372*25.00*0.00**1~
CAS*OA*31*25.00~
DTM*472*20250827~
REF*6R*LNCLM00003006228~
AMT*B6*0.00~
LQ*HE*N362~
CLP*CLM0000301*4*130.00*0.00*0.00*Medicaid*PYR0000301866~
CAS*CO*27*130.00~
NM1*QC*1*Thomas*Christopher****MI*INS72191361~
NM1*82*1*Young*Karen****XX*1000000302~
DTM*232*20251219~
DTM*233*20251220~
SVC*HC:99203*130.00*0.00**2~
CAS*CO*27*130.00~
DTM*472*20251219~
REF*6R*LNCLM00003018173~
AMT*B6*0.00~
LQ*HE*N362~
SE*36*00000003~
GE*1*00003~
IEA*1*000000003~