ISA*00*          *00*          *ZZ*87726          *ZZ*1000012102     *20251215*2335*^*00501*000000011*0*P*:~
GS*HP*87726*1000012102*20251215*2335*00011*X*005010X221A1~
ST*835*00000011~
BPR*H*135.31*C*NON************20251215~
TRN*1*TRC000118497*187726~
DTM*405*20251215~
N1*PR*UnitedHealthcare*XV*87726~
N3*PO Box 35401~
N4*Portland*OR*97201~
N1*PE*Stephen Thompson, DO*XX*1000012102~
N3*7639 Washington Ave~
N4*Nashville*TN*37201~
REF*TJ*694896914~
CLP*CLM0001100*2*210.00*72.10*19.00*PPO*PYR0001100408~
CAS*OA*31*118.90~
CAS*PR*3*19.00~
NM1*QC*1*Lewis*Dorothy****MI*MEM22925529~
NM1*82*1*Thompson*Stephen****XX*1000012102~
DTM*232*20250907~
DTM*233*20250907~
SVC*HC:99215*210.00*72.10**2~
CAS*OA*31*118.90~
CAS*PR*3*19.00~
DTM*472*20250907~
REF*6R*LNCLM00011006137~
AMT*B6*91.10~
LQ*HE*N362~
CLP*CLM0001101*2*175.00*63.21*18.03*PPO*PYR0001101338~
CAS*PI*167*93.76~
CAS*PR*3*18.03~
NM1*QC*1*Hernandez*Joshua****MI*MEM81780979~
NM1*82*1*Thompson*Stephen****XX*1000012102~
DTM*232*20251114~
DTM*233*20251114~
SVC*HC:99395*175.00*63.21**1~
CAS*PI*167*93.76~
CAS*PR*3*18.03~
DTM*472*20251114~
REF*6R*LNCLM00011013817~
AMT*B6*81.24~
LQ*HE*MA130~
CLP*CLM0001102*4*190.00*0.00*0.00*PPO*PYR0001102667~
CAS*CO*167*190.00~
NM1*QC*1*Hall*Jason****MI*MEM20305069~
NM1*82*1*Thompson*Stephen****XX*1000012102~
DTM*232*20251107~
DTM*233*20251107~
SVC*HC:99396*190.00*0.00**1~
CAS*CO*167*190.00~
DTM*472*20251107~
REF*6R*LNCLM00011026430~
AMT*B6*0.00~
LQ*HE*N362~
CLP*CLM0001103*4*210.00*0.00*12.49*PPO*PYR0001103696~
CAS*PI*197*197.51~
CAS*PR*2*12.49~
NM1*QC*1*Lewis*Donna****MI*GRP54952020~
NM1*82*1*Thompson*Stephen****XX*1000012102~
DTM*232*20250901~
DTM*233*20250901~
SVC*HC:99215*210.00*0.00**1~
CAS*PI*197*197.51~
CAS*PR*2*12.49~
DTM*472*20250901~
REF*6R*LNCLM00011035382~
AMT*B6*0.00~
LQ*HE*N479~
CLP*CLM0001104*4*145.00*0.00*21.39*PPO*PYR0001104706~
CAS*PI*27*123.61~
CAS*PR*2*21.39~
NM1*QC*1*Scott*Kenneth****MI*GRP98055170~
NM1*82*1*Thompson*Stephen****XX*1000012102~
DTM*232*20260104~
DTM*233*20260105~
SVC*HC:99214*145.00*0.00**2~
CAS*PI*27*123.61~
CAS*PR*2*21.39~
DTM*472*20260104~
REF*6R*LNCLM00011045745~
AMT*B6*0.00~
LQ*HE*MA04~
SE*80*00000011~
GE*1*00011~
IEA*1*000000011~