ISA*00*          *00*          *ZZ*99726          *ZZ*1000000102     *20260213*2335*^*00501*000000001*0*P*:~
GS*HP*99726*1000000102*20260213*2335*00001*X*005010X221A1~
ST*835*00000001~
BPR*H*0.00*C*NON************20260213~
TRN*1*TRC000014241*199726~
DTM*405*20260213~
N1*PR*Tricare*XV*99726~
N3*PO Box 39834~
N4*Fort Worth*TX*76101~
N1*PE*David Scott, MD*XX*1000000102~
N3*5517 Main St~
N4*Phoenix*AZ*85001~
REF*TJ*966197639~
CLP*CLM0000100*4*10.00*0.00*0.00*Government*PYR0000100966~
CAS*CO*27*10.00~
NM1*QC*1*Sanchez*Laura****MI*INS66330759~
NM1*82*1*Scott*David****XX*1000000102~
DTM*232*20251009~
DTM*233*20251009~
SVC*HC:36415*10.00*0.00**1~
CAS*CO*27*10.00~
DTM*472*20251009~
REF*6R*LNCLM00001005624~
AMT*B6*0.00~
LQ*HE*N362~
CLP*CLM0000101*4*45.00*0.00*0.00*Government*PYR0000101309~
CAS*CO*22*45.00~
NM1*QC*1*Perez*Paul****MI*PLN40067931~
NM1*82*1*Scott*David****XX*1000000102~
DTM*232*20250911~
DTM*233*20250911~
SVC*HC:71046*45.00*0.00**1~
CAS*CO*22*45.00~
DTM*472*20250911~
REF*6R*LNCLM00001018863~
AMT*B6*0.00~
LQ*HE*N362~
CLP*CLM0000102*4*130.00*0.00*0.00*Government*PYR0000102496~
CAS*CO*27*130.00~
NM1*QC*1*Nguyen*Cynthia****MI*MEM32598265~
NM1*82*1*Scott*David****XX*1000000102~
DTM*232*20250831~
DTM*233*20250901~
SVC*HC:99203*130.00*0.00**1~
CAS*CO*27*130.00~
DTM*472*20250831~
REF*6R*LNCLM00001028573~
AMT*B6*0.00~
LQ*HE*N362~
SE*48*00000001~
GE*1*00001~
IEA*1*000000001~