ISA*00*          *00*          *ZZ*ANTM1          *ZZ*1000008902     *20260215*2335*^*00501*000000009*0*P*:~
GS*HP*ANTM1*1000008902*20260215*2335*00009*X*005010X221A1~
ST*835*00000009~
BPR*H*0.00*C*NON************20260215~
TRN*1*TRC000093637*1ANTM1~
DTM*405*20260215~
N1*PR*Anthem*XV*ANTM1~
N3*PO Box 80610~
N4*Fort Worth*TX*76101~
N1*PE*Patricia Thompson, MD*XX*1000008902~
N3*1391 Sunset Blvd~
N4*Dallas*TX*75201~
REF*TJ*981184481~
CLP*CLM0000900*4*275.00*0.00*0.00*PPO*PYR0000900397~
CAS*OA*109*275.00~
NM1*QC*1*Lewis*Kevin****MI*INS71710540~
NM1*82*1*Thompson*Patricia****XX*1000008902~
DTM*232*20260114~
DTM*233*20260114~
SVC*HC:99205*275.00*0.00**2~
CAS*OA*109*275.00~
DTM*472*20260114~
REF*6R*LNCLM00009008508~
AMT*B6*0.00~
LQ*HE*N381~
CLP*CLM0000901*4*10.00*0.00*0.00*PPO*PYR0000901551~
CAS*OA*109*10.00~
NM1*QC*1*Lopez*Melissa****MI*INS96532937~
NM1*82*1*Thompson*Patricia****XX*1000008902~
DTM*232*20250824~
DTM*233*20250824~
SVC*HC:36415*10.00*0.00**2~
CAS*OA*109*10.00~
DTM*472*20250824~
REF*6R*LNCLM00009017774~
AMT*B6*0.00~
LQ*HE*N381~
SE*36*00000009~
GE*1*00009~
IEA*1*000000009~