ISA*00*          *00*          *ZZ*87726          *ZZ*1000013502     *20260103*2335*^*00501*001000005*0*P*:~
GS*HP*87726*1000013502*20260103*2335*10005*X*005010X221A1~
ST*835*00010005~
BPR*H*0.00*C*NON************20260103~
TRN*1*TRC010059619*187726~
DTM*405*20260103~
N1*PR*UnitedHealthcare*XV*87726~
N3*PO Box 37750~
N4*Dallas*TX*75201~
N1*PE*Jennifer Thompson, MD FACS*XX*1000013502~
N3*1540 Sunset Blvd~
N4*Philadelphia*PA*19101~
REF*TJ*449254637~
CLP*CLM0100500*4*42.00*0.00*0.00*PPO*PYR0100500816~
CAS*CO*167*42.00~
NM1*QC*1*Hall*Anthony****MI*MEM48013972~
NM1*82*1*Thompson*Jennifer****XX*1000013502~
DTM*232*20251029~
DTM*233*20251029~
SVC*HC:99490*42.00*0.00**1~
CAS*CO*167*42.00~
DTM*472*20251029~
REF*6R*LNCLM01005005900~
AMT*B6*0.00~
LQ*HE*N386~
CLP*CLM0100501*4*15.00*0.00*0.00*PPO*PYR0100501601~
CAS*CO*4*15.00~
NM1*QC*1*Johnson*Ronald****MI*GRP98418590~
NM1*82*1*Thompson*Jennifer****XX*1000013502~
DTM*232*20260103~
DTM*233*20260104~
SVC*HC:85025*15.00*0.00**1~
CAS*CO*4*15.00~
DTM*472*20260103~
REF*6R*LNCLM01005013740~
AMT*B6*0.00~
LQ*HE*N386~
SE*36*00010005~
GE*1*10005~
IEA*1*001000005~