ISA*00*          *00*          *ZZ*BCBS1          *ZZ*1000016802     *20260109*2335*^*00501*001000008*0*P*:~
GS*HP*BCBS1*1000016802*20260109*2335*10008*X*005010X221A1~
ST*835*00010008~
BPR*H*0.00*C*NON************20260109~
TRN*1*TRC010086859*1BCBS1~
DTM*405*20260109~
N1*PR*Blue Cross Blue Shield*XV*BCBS1~
N3*PO Box 96672~
N4*Columbus*OH*43085~
N1*PE*Daniel Scott, DO*XX*1000016802~
N3*7024 College Ave~
N4*Dallas*TX*75201~
REF*TJ*432053765~
CLP*CLM0100800*4*25.00*0.00*0.00*HMO*PYR0100800283~
CAS*CO*197*25.00~
NM1*QC*1*Garcia*Emily****MI*PLN93230742~
NM1*82*1*Scott*Daniel****XX*1000016802~
DTM*232*20250925~
DTM*233*20250926~
SVC*HC:80053*25.00*0.00**1~
CAS*CO*197*25.00~
DTM*472*20250925~
REF*6R*LNCLM01008007064~
AMT*B6*0.00~
LQ*HE*MA130~
CLP*CLM0100801*4*150.00*0.00*0.00*HMO*PYR0100801566~
CAS*PI*197*150.00~
NM1*QC*1*Martinez*Elizabeth****MI*GRP82075406~
NM1*82*1*Scott*Daniel****XX*1000016802~
DTM*232*20250911~
DTM*233*20250911~
SVC*HC:99238*150.00*0.00**2~
CAS*PI*197*150.00~
DTM*472*20250911~
REF*6R*LNCLM01008016986~
AMT*B6*0.00~
LQ*HE*MA130~
SE*36*00010008~
GE*1*10008~
IEA*1*001000008~