ISA*00*          *00*          *ZZ*87726          *ZZ*1000018902     *20260101*2335*^*00501*001000009*0*P*:~
GS*HP*87726*1000018902*20260101*2335*10009*X*005010X221A1~
ST*835*00010009~
BPR*H*0.00*C*NON************20260101~
TRN*1*TRC010094267*187726~
DTM*405*20260101~
N1*PR*UnitedHealthcare*XV*87726~
N3*PO Box 56626~
N4*Nashville*TN*37201~
N1*PE*James Walker, DO FACP*XX*1000018902~
N3*6150 Hill St~
N4*Chicago*IL*60601~
REF*TJ*898516272~
CLP*CLM0100900*4*275.00*0.00*0.00*PPO*PYR0100900886~
CAS*PI*96*275.00~
NM1*QC*1*Rivera*James****MI*PLN27941650~
NM1*82*1*Walker*James****XX*1000018902~
DTM*232*20250930~
DTM*233*20250930~
SVC*HC:99205*275.00*0.00**1~
CAS*PI*96*275.00~
DTM*472*20250930~
REF*6R*LNCLM01009007014~
AMT*B6*0.00~
LQ*HE*N381~
CLP*CLM0100901*4*275.00*0.00*0.00*PPO*PYR0100901800~
CAS*OA*109*275.00~
NM1*QC*1*Davis*Brian****MI*INS22013800~
NM1*82*1*Walker*James****XX*1000018902~
DTM*232*20251101~
DTM*233*20251102~
SVC*HC:99205*275.00*0.00**1~
CAS*OA*109*275.00~
DTM*472*20251101~
REF*6R*LNCLM01009013019~
AMT*B6*0.00~
LQ*HE*N381~
SE*36*00010009~
GE*1*10009~
IEA*1*001000009~