ISA*00*          *00*          *ZZ*60054          *ZZ*1000019002     *20260114*2335*^*00501*001000010*0*P*:~
GS*HP*60054*1000019002*20260114*2335*10010*X*005010X221A1~
ST*835*00010010~
BPR*H*0.00*C*NON************20260114~
TRN*1*TRC010105348*160054~
DTM*405*20260114~
N1*PR*Aetna*XV*60054~
N3*PO Box 41425~
N4*Charlotte*NC*28201~
N1*PE*Sarah Scott, MD*XX*1000019002~
N3*1796 River Rd~
N4*Seattle*WA*98101~
REF*TJ*140210436~
CLP*CLM0101000*4*210.00*0.00*0.00*PPO*PYR0101000123~
CAS*PI*109*210.00~
NM1*QC*1*Perez*Emily****MI*INS23522783~
NM1*82*1*Scott*Sarah****XX*1000019002~
DTM*232*20251024~
DTM*233*20251025~
SVC*HC:99215*210.00*0.00**3~
CAS*PI*109*210.00~
DTM*472*20251024~
REF*6R*LNCLM01010003306~
AMT*B6*0.00~
LQ*HE*N381~
CLP*CLM0101001*4*210.00*0.00*0.00*PPO*PYR0101001843~
CAS*OA*109*210.00~
NM1*QC*1*Martin*Melissa****MI*PLN90698583~
NM1*82*1*Scott*Sarah****XX*1000019002~
DTM*232*20251004~
DTM*233*20251004~
SVC*HC:99215*210.00*0.00**1~
CAS*OA*109*210.00~
DTM*472*20251004~
REF*6R*LNCLM01010016829~
AMT*B6*0.00~
LQ*HE*N381~
SE*36*00010010~
GE*1*10010~
IEA*1*001000010~