ISA*00*          *00*          *ZZ*87726          *ZZ*1000010102     *20251127*2335*^*00501*001000001*0*P*:~
GS*HP*87726*1000010102*20251127*2335*10001*X*005010X221A1~
ST*835*00010001~
BPR*H*0.00*C*NON************20251127~
TRN*1*TRC010018292*187726~
DTM*405*20251127~
N1*PR*UnitedHealthcare*XV*87726~
N3*PO Box 69259~
N4*Austin*TX*73301~
N1*PE*Maria Scott, MD PhD*XX*1000010102~
N3*5206 Park Dr~
N4*San Antonio*TX*78201~
REF*TJ*884161555~
CLP*CLM0100100*4*150.00*0.00*0.00*PPO*PYR0100100691~
CAS*OA*31*150.00~
NM1*QC*1*Rodriguez*Sharon****MI*MEM59599520~
NM1*82*1*Scott*Maria****XX*1000010102~
DTM*232*20251119~
DTM*233*20251119~
SVC*HC:99238*150.00*0.00**1~
CAS*OA*31*150.00~
DTM*472*20251119~
REF*6R*LNCLM01001004214~
AMT*B6*0.00~
LQ*HE*N362~
CLP*CLM0100101*4*150.00*0.00*0.00*PPO*PYR0100101757~
CAS*OA*27*150.00~
NM1*QC*1*Gonzalez*Ashley****MI*PLN27183387~
NM1*82*1*Scott*Maria****XX*1000010102~
DTM*232*20251118~
DTM*233*20251119~
SVC*HC:99238*150.00*0.00**3~
CAS*OA*27*150.00~
DTM*472*20251118~
REF*6R*LNCLM01001017787~
AMT*B6*0.00~
LQ*HE*N362~
SE*36*00010001~
GE*1*10001~
IEA*1*001000001~