ISA*00*          *00*          *ZZ*99726          *ZZ*1000013602     *20251225*2335*^*00501*001000006*0*P*:~
GS*HP*99726*1000013602*20251225*2335*10006*X*005010X221A1~
ST*835*00010006~
BPR*H*0.00*C*NON************20251225~
TRN*1*TRC010065835*199726~
DTM*405*20251225~
N1*PR*Tricare*XV*99726~
N3*PO Box 39545~
N4*Philadelphia*PA*19101~
N1*PE*Thomas Patel, MD*XX*1000013602~
N3*5971 Church St~
N4*San Antonio*TX*78201~
REF*TJ*377017350~
CLP*CLM0100600*4*210.00*0.00*0.00*Government*PYR0100600585~
CAS*CO*11*210.00~
NM1*QC*1*Thompson*Jessica****MI*INS22212856~
NM1*82*1*Patel*Thomas****XX*1000013602~
DTM*232*20251229~
DTM*233*20251229~
SVC*HC:99215*210.00*0.00**2~
CAS*CO*11*210.00~
DTM*472*20251229~
REF*6R*LNCLM01006005058~
AMT*B6*0.00~
LQ*HE*N386~
CLP*CLM0100601*4*210.00*0.00*0.00*Government*PYR0100601380~
CAS*CO*167*210.00~
NM1*QC*1*Walker*Sarah****MI*PLN85868290~
NM1*82*1*Patel*Thomas****XX*1000013602~
DTM*232*20250901~
DTM*233*20250901~
SVC*HC:99215*210.00*0.00**2~
CAS*CO*167*210.00~
DTM*472*20250901~
REF*6R*LNCLM01006015517~
AMT*B6*0.00~
LQ*HE*N386~
CLP*CLM0100602*4*150.00*0.00*0.00*Government*PYR0100602923~
CAS*CO*4*150.00~
NM1*QC*1*Hill*Paul****MI*MEM99604209~
NM1*82*1*Patel*Thomas****XX*1000013602~
DTM*232*20251009~
DTM*233*20251009~
SVC*HC:99238*150.00*0.00**2~
CAS*CO*4*150.00~
DTM*472*20251009~
REF*6R*LNCLM01006021344~
AMT*B6*0.00~
LQ*HE*N386~
SE*48*00010006~
GE*1*10006~
IEA*1*001000006~