ISA*00*          *00*          *ZZ*ANTM1          *ZZ*1000013402     *20260125*2335*^*00501*001000004*0*P*:~
GS*HP*ANTM1*1000013402*20260125*2335*10004*X*005010X221A1~
ST*835*00010004~
BPR*H*0.00*C*NON************20260125~
TRN*1*TRC010049131*1ANTM1~
DTM*405*20260125~
N1*PR*Anthem*XV*ANTM1~
N3*PO Box 97283~
N4*Fort Worth*TX*76101~
N1*PE*Jennifer Clark, MD FACS*XX*1000013402~
N3*6743 Church St~
N4*Nashville*TN*37201~
REF*TJ*836333140~
CLP*CLM0100400*4*35.00*0.00*0.00*PPO*PYR0100400196~
CAS*CO*4*35.00~
NM1*QC*1*Miller*Brian****MI*GRP27189430~
NM1*82*1*Clark*Jennifer****XX*1000013402~
DTM*232*20251231~
DTM*233*20251231~
SVC*HC:93000*35.00*0.00**2~
CAS*CO*4*35.00~
DTM*472*20251231~
REF*6R*LNCLM01004002498~
AMT*B6*0.00~
LQ*HE*N386~
CLP*CLM0100401*4*35.00*0.00*0.00*PPO*PYR0100401158~
CAS*CO*4*35.00~
NM1*QC*1*Jones*Kenneth****MI*INS78668427~
NM1*82*1*Clark*Jennifer****XX*1000013402~
DTM*232*20251129~
DTM*233*20251129~
SVC*HC:93000*35.00*0.00**1~
CAS*CO*4*35.00~
DTM*472*20251129~
REF*6R*LNCLM01004015397~
AMT*B6*0.00~
LQ*HE*N386~
CLP*CLM0100402*4*25.00*0.00*0.00*PPO*PYR0100402506~
CAS*CO*11*25.00~
NM1*QC*1*Rodriguez*Joshua****MI*GRP87923636~
NM1*82*1*Clark*Jennifer****XX*1000013402~
DTM*232*20260106~
DTM*233*20260106~
SVC*HC:80053*25.00*0.00**3~
CAS*CO*11*25.00~
DTM*472*20260106~
REF*6R*LNCLM01004022707~
AMT*B6*0.00~
LQ*HE*N386~
SE*48*00010004~
GE*1*10004~
IEA*1*001000004~