ISA*00*          *00*          *ZZ*62308          *ZZ*1000022102     *20251223*2335*^*00501*001000011*0*P*:~
GS*HP*62308*1000022102*20251223*2335*10011*X*005010X221A1~
ST*835*00010011~
BPR*H*90.86*C*NON************20251223~
TRN*1*TRC010117660*162308~
DTM*405*20251223~
N1*PR*Cigna*XV*62308~
N3*PO Box 46894~
N4*Denver*CO*80201~
N1*PE*Jennifer Garcia, DO FACP*XX*1000022102~
N3*6846 College Ave~
N4*San Diego*CA*92101~
REF*TJ*462415186~
CLP*CLM0101100*4*25.00*0.00*3.53*PPO*PYR0101100547~
CAS*PI*109*21.47~
CAS*PR*3*3.53~
NM1*QC*1*Wilson*Margaret****MI*INS19319561~
NM1*82*1*Garcia*Jennifer****XX*1000022102~
DTM*232*20250825~
DTM*233*20250825~
SVC*HC:80053*25.00*0.00**2~
CAS*PI*109*21.47~
CAS*PR*3*3.53~
DTM*472*20250825~
REF*6R*LNCLM01011004865~
AMT*B6*0.00~
LQ*HE*N381~
CLP*CLM0101101*4*250.00*0.00*34.92*PPO*PYR0101101376~
CAS*CO*31*215.08~
CAS*PR*2*34.92~
NM1*QC*1*Johnson*Dorothy****MI*INS52180699~
NM1*82*1*Garcia*Jennifer****XX*1000022102~
DTM*232*20251004~
DTM*233*20251005~
SVC*HC:99495*250.00*0.00**1~
CAS*CO*31*215.08~
CAS*PR*2*34.92~
DTM*472*20251004~
REF*6R*LNCLM01011015625~
AMT*B6*0.00~
LQ*HE*M15~
CLP*CLM0101102*2*95.00*40.35*11.54*PPO*PYR0101102244~
CAS*CO*50*43.11~
CAS*PR*1*11.54~
NM1*QC*1*Garcia*Lisa****MI*GRP82982919~
NM1*82*1*Garcia*Jennifer****XX*1000022102~
DTM*232*20251111~
DTM*233*20251111~
SVC*HC:99213*95.00*40.35**2~
CAS*CO*50*43.11~
CAS*PR*1*11.54~
DTM*472*20251111~
REF*6R*LNCLM01011021806~
AMT*B6*51.89~
LQ*HE*N381~
CLP*CLM0101103*4*95.00*0.00*0.00*PPO*PYR0101103494~
CAS*CO*11*95.00~
NM1*QC*1*Miller*Michael****MI*PLN66914070~
NM1*82*1*Garcia*Jennifer****XX*1000022102~
DTM*232*20260106~
DTM*233*20260106~
SVC*HC:99213*95.00*0.00**1~
CAS*CO*11*95.00~
DTM*472*20260106~
REF*6R*LNCLM01011032359~
AMT*B6*0.00~
LQ*HE*N95~
CLP*CLM0101104*2*320.00*50.51*58.85*PPO*PYR0101104301~
CAS*CO*31*210.64~
CAS*PR*3*58.85~
NM1*QC*1*Young*Joshua****MI*PLN42245783~
NM1*82*1*Garcia*Jennifer****XX*1000022102~
DTM*232*20251226~
DTM*233*20251227~
SVC*HC:99496*320.00*50.51**1~
CAS*CO*31*210.64~
CAS*PR*3*58.85~
DTM*472*20251226~
REF*6R*LNCLM01011045873~
AMT*B6*109.36~
LQ*HE*MA04~
SE*80*00010011~
GE*1*10011~
IEA*1*001000011~