ISA*00*          *00*          *ZZ*91051          *ZZ*1000016702     *20251126*2335*^*00501*001000007*0*P*:~
GS*HP*91051*1000016702*20251126*2335*10007*X*005010X221A1~
ST*835*00010007~
BPR*H*0.00*C*NON************20251126~
TRN*1*TRC010077211*191051~
DTM*405*20251126~
N1*PR*Kaiser Permanente*XV*91051~
N3*PO Box 37760~
N4*Indianapolis*IN*46201~
N1*PE*Elizabeth Robinson, MD*XX*1000016702~
N3*923 Hill St~
N4*Nashville*TN*37201~
REF*TJ*460337881~
CLP*CLM0100700*4*175.00*0.00*0.00*HMO*PYR0100700721~
CAS*CO*197*175.00~
NM1*QC*1*Thomas*Jennifer****MI*GRP64563314~
NM1*82*1*Robinson*Elizabeth****XX*1000016702~
DTM*232*20250927~
DTM*233*20250927~
SVC*HC:99233*175.00*0.00**1~
CAS*CO*197*175.00~
DTM*472*20250927~
REF*6R*LNCLM01007007985~
AMT*B6*0.00~
LQ*HE*MA130~
CLP*CLM0100701*4*210.00*0.00*0.00*HMO*PYR0100701136~
CAS*PI*197*210.00~
NM1*QC*1*Johnson*Joseph****MI*MEM41081581~
NM1*82*1*Robinson*Elizabeth****XX*1000016702~
DTM*232*20251021~
DTM*233*20251021~
SVC*HC:99215*210.00*0.00**1~
CAS*PI*197*210.00~
DTM*472*20251021~
REF*6R*LNCLM01007017817~
AMT*B6*0.00~
LQ*HE*MA130~
SE*36*00010007~
GE*1*10007~
IEA*1*001000007~