ISA*00*          *00*          *ZZ*62308          *ZZ*1000010302     *20260128*2335*^*00501*001000003*0*P*:~
GS*HP*62308*1000010302*20260128*2335*10003*X*005010X221A1~
ST*835*00010003~
BPR*H*0.00*C*NON************20260128~
TRN*1*TRC010037402*162308~
DTM*405*20260128~
N1*PR*Cigna*XV*62308~
N3*PO Box 84522~
N4*Denver*CO*80201~
N1*PE*Robert Clark, MD*XX*1000010302~
N3*1215 Lake Rd~
N4*Nashville*TN*37201~
REF*TJ*272879479~
CLP*CLM0100300*4*175.00*0.00*0.00*PPO*PYR0100300251~
CAS*CO*22*175.00~
NM1*QC*1*Adams*Susan****MI*MEM92462857~
NM1*82*1*Clark*Robert****XX*1000010302~
DTM*232*20251021~
DTM*233*20251021~
SVC*HC:99233*175.00*0.00**1~
CAS*CO*22*175.00~
DTM*472*20251021~
REF*6R*LNCLM01003009002~
AMT*B6*0.00~
LQ*HE*N362~
CLP*CLM0100301*4*200.00*0.00*0.00*PPO*PYR0100301992~
CAS*CO*27*200.00~
NM1*QC*1*Nelson*Karen****MI*PLN65434415~
NM1*82*1*Clark*Robert****XX*1000010302~
DTM*232*20251015~
DTM*233*20251015~
SVC*HC:99204*200.00*0.00**1~
CAS*CO*27*200.00~
DTM*472*20251015~
REF*6R*LNCLM01003018883~
AMT*B6*0.00~
LQ*HE*N362~
CLP*CLM0100302*4*175.00*0.00*0.00*PPO*PYR0100302971~
CAS*CO*27*175.00~
NM1*QC*1*Baker*Charles****MI*GRP91041795~
NM1*82*1*Clark*Robert****XX*1000010302~
DTM*232*20251120~
DTM*233*20251120~
SVC*HC:99233*175.00*0.00**1~
CAS*CO*27*175.00~
DTM*472*20251120~
REF*6R*LNCLM01003023691~
AMT*B6*0.00~
LQ*HE*N362~
SE*48*00010003~
GE*1*10003~
IEA*1*001000003~