ISA*00*          *00*          *ZZ*CMS            *ZZ*1000022202     *20260203*2335*^*00501*001000012*0*P*:~
GS*HP*CMS*1000022202*20260203*2335*10012*X*005010X221A1~
ST*835*00010012~
BPR*H*141.42*C*NON************20260203~
TRN*1*TRC010124139*1CMS~
DTM*405*20260203~
N1*PR*Medicare Part B*XV*CMS~
N3*PO Box 21466~
N4*San Jose*CA*95101~
N1*PE*Karen Martinez, DO*XX*1000022202~
N3*9389 Oak Ave~
N4*Columbus*OH*43085~
REF*TJ*676624095~
CLP*CLM0101200*4*120.00*0.00*0.00*Medicare*PYR0101200591~
CAS*PI*50*120.00~
NM1*QC*1*Hill*Nancy****MI*PLN76260452~
NM1*82*1*Martinez*Karen****XX*1000022202~
DTM*232*20251019~
DTM*233*20251019~
SVC*HC:99232*120.00*0.00**1~
CAS*PI*50*120.00~
DTM*472*20251019~
REF*6R*LNCLM01012006090~
AMT*B6*0.00~
LQ*HE*N95~
CLP*CLM0101201*4*350.00*0.00*0.00*Medicare*PYR0101201862~
CAS*CO*50*350.00~
NM1*QC*1*Lewis*Elizabeth****MI*PLN12232921~
NM1*82*1*Martinez*Karen****XX*1000022202~
DTM*232*20250829~
DTM*233*20250830~
SVC*HC:99223*350.00*0.00**2~
CAS*CO*50*350.00~
DTM*472*20250829~
REF*6R*LNCLM01012011669~
AMT*B6*0.00~
LQ*HE*N362~
CLP*CLM0101202*2*320.00*129.10*42.81*Medicare*PYR0101202629~
CAS*OA*222*148.09~
CAS*PR*2*42.81~
NM1*QC*1*Robinson*Ashley****MI*MEM14991682~
NM1*82*1*Martinez*Karen****XX*1000022202~
DTM*232*20250831~
DTM*233*20250901~
SVC*HC:99496*320.00*129.10**1~
CAS*OA*222*148.09~
CAS*PR*2*42.81~
DTM*472*20250831~
REF*6R*LNCLM01012024465~
AMT*B6*171.91~
LQ*HE*N95~
CLP*CLM0101203*4*120.00*0.00*0.00*Medicare*PYR0101203476~
CAS*OA*31*120.00~
NM1*QC*1*Scott*Deborah****MI*GRP96731598~
NM1*82*1*Martinez*Karen****XX*1000022202~
DTM*232*20251223~
DTM*233*20251223~
SVC*HC:99232*120.00*0.00**2~
CAS*OA*31*120.00~
DTM*472*20251223~
REF*6R*LNCLM01012033018~
AMT*B6*0.00~
LQ*HE*N479~
CLP*CLM0101204*2*42.00*12.32*7.06*Medicare*PYR0101204931~
CAS*PI*11*22.62~
CAS*PR*1*7.06~
NM1*QC*1*Nelson*Michael****MI*INS72905080~
NM1*82*1*Martinez*Karen****XX*1000022202~
DTM*232*20250922~
DTM*233*20250922~
SVC*HC:99490*42.00*12.32**1~
CAS*PI*11*22.62~
CAS*PR*1*7.06~
DTM*472*20250922~
REF*6R*LNCLM01012048326~
AMT*B6*19.38~
LQ*HE*N381~
SE*76*00010012~
GE*1*10012~
IEA*1*001000012~