ISA*00*          *00*          *ZZ*MDCD           *ZZ*1000010202     *20251216*2335*^*00501*001000002*0*P*:~
GS*HP*MDCD*1000010202*20251216*2335*10002*X*005010X221A1~
ST*835*00010002~
BPR*H*0.00*C*NON************20251216~
TRN*1*TRC010022095*1MDCD~
DTM*405*20251216~
N1*PR*Medicaid*XV*MDCD~
N3*PO Box 51535~
N4*San Antonio*TX*78201~
N1*PE*Christine Robinson, MD*XX*1000010202~
N3*4357 Hill St~
N4*Chicago*IL*60601~
REF*TJ*819556809~
CLP*CLM0100200*4*145.00*0.00*0.00*Medicaid*PYR0100200106~
CAS*OA*31*145.00~
NM1*QC*1*Rodriguez*Jessica****MI*MEM80810984~
NM1*82*1*Robinson*Christine****XX*1000010202~
DTM*232*20251227~
DTM*233*20251227~
SVC*HC:99214*145.00*0.00**1~
CAS*OA*31*145.00~
DTM*472*20251227~
REF*6R*LNCLM01002002034~
AMT*B6*0.00~
LQ*HE*N362~
CLP*CLM0100201*4*42.00*0.00*0.00*Medicaid*PYR0100201438~
CAS*CO*22*42.00~
NM1*QC*1*Sanchez*Susan****MI*PLN31118798~
NM1*82*1*Robinson*Christine****XX*1000010202~
DTM*232*20251222~
DTM*233*20251222~
SVC*HC:99490*42.00*0.00**1~
CAS*CO*22*42.00~
DTM*472*20251222~
REF*6R*LNCLM01002013578~
AMT*B6*0.00~
LQ*HE*N362~
CLP*CLM0100202*4*42.00*0.00*0.00*Medicaid*PYR0100202201~
CAS*OA*27*42.00~
NM1*QC*1*Ramirez*Margaret****MI*INS80117736~
NM1*82*1*Robinson*Christine****XX*1000010202~
DTM*232*20251116~
DTM*233*20251116~
SVC*HC:99490*42.00*0.00**3~
CAS*OA*27*42.00~
DTM*472*20251116~
REF*6R*LNCLM01002027614~
AMT*B6*0.00~
LQ*HE*N362~
SE*48*00010002~
GE*1*10002~
IEA*1*001000002~