ISA*00*          *00*          *ZZ*87726          *ZZ*1000031102     *260121*2334*^*00501*000031101*0*P*:~
GS*HP*87726*1000031102*20260121*2334*31102*X*005010X221A1~
ST*835*31103*005010X221A1~
BPR*I*301.62*C*ACH*CCP*01*026009593*DA*6789012345*87726**01*091000019*DA*6789012345*20260121~
TRN*1*T000000031100*1932453339~
DTM*405*20260121~
N1*PR*UnitedHealthcare~
N3*497 Washington Ave~
N4*Nashville*TN*37201~
REF*2U*87726~
N1*PE*Walker Angela*XX*1000031102~
N3*6715 College Ave~
N4*San Jose*CA*95101~
REF*TJ*258255503~
CLP*CLM0301100*4*4650.00*0.00*0.00*12*PCN564352201*11*1~
CAS*CO*16*4650.00*1~
NM1*QC*1*Rodriguez*Edward****MI*PLN42267089~
NM1*82*1*Walker*Angela****XX*1000031102~
DTM*232*20251108~
DTM*233*20251109~
SVC*HC:29826:TC*3300.00*0.00**3~
DTM*472*20251108~
CAS*CO*16*3300.00*3~
REF*6R*LNCLM030110000~
AMT*B6*0.00~
LQ*HE*M15~
SVC*HC:25600:51*1350.00*0.00**3~
DTM*472*20251108~
CAS*CO*16*1350.00*3~
REF*6R*LNCLM030110001~
AMT*B6*0.00~
LQ*HE*MA130~
CLP*CLM0301101*4*5800.00*0.00*0.00*12*PCN942699276*11*1~
CAS*CO*29*5800.00*1~
NM1*QC*1*Wilson*Matthew****MI*INS58804974~
NM1*82*1*Walker*Angela****XX*1000031102~
DTM*232*20260118~
DTM*233*20260118~
SVC*HC:27447*1800.00*0.00**1~
DTM*472*20260118~
CAS*CO*29*1800.00*1~
REF*6R*LNCLM030110100~
AMT*B6*0.00~
LQ*HE*N95~
SVC*HC:27130:77*4000.00*0.00**2~
DTM*472*20260118~
CAS*CO*29*4000.00*2~
REF*6R*LNCLM030110101~
AMT*B6*0.00~
LQ*HE*MA130~
CLP*CLM0301102*1*450.00*301.62*62.97*12*PCN716270667*11*1~
CAS*CO*97*85.41*1~
CAS*PR*2*62.97*1~
NM1*QC*1*Davis*Ashley****MI*PLN91443301~
NM1*82*1*Walker*Angela****XX*1000031102~
DTM*232*20250905~
DTM*233*20250906~
SVC*HC:73721:50*450.00*301.62**1~
DTM*472*20250905~
CAS*CO*45*85.41*1~
CAS*PR*1*62.97*1~
REF*6R*LNCLM030110200~
AMT*B6*364.59~
LQ*HE*N362~
CLP*CLM0301103*4*126.00*0.00*0.00*12*PCN920939753*11*1~
CAS*CO*4*126.00*1~
NM1*QC*1*Smith*Jacob****MI*PLN44061275~
NM1*82*1*Walker*Angela****XX*1000031102~
DTM*232*20251101~
DTM*233*20251101~
SVC*HC:97140:RT*126.00*0.00**3~
DTM*472*20251101~
CAS*CO*4*126.00*3~
REF*6R*LNCLM030110300~
AMT*B6*0.00~
LQ*HE*M15~
SE*75*31103~
GE*1*31102~
IEA*1*000031101~