ISA*00*          *00*          *ZZ*BCBS1          *ZZ*1000030902     *251124*2334*^*00501*000030901*0*P*:~
GS*HP*BCBS1*1000030902*20251124*2334*30902*X*005010X221A1~
ST*835*30903*005010X221A1~
BPR*I*0.00*C*ACH*CCP*01*021202337*DA*6789012345*BCBS1**01*122000247*DA*2345678901*20251124~
TRN*1*T000000030900*1843527122~
DTM*405*20251124~
N1*PR*Blue Cross Blue Shield~
N3*5918 College Ave~
N4*San Antonio*TX*78201~
REF*2U*BCBS1~
N1*PE*Smith Elizabeth*XX*1000030902~
N3*1981 Main St~
N4*Los Angeles*CA*90001~
REF*TJ*467281650~
CLP*CLM0300900*4*435.00*0.00*0.00*13*PCN783444432*11*1~
CAS*PI*185*435.00*1~
NM1*QC*1*Brown*Joshua****MI*MEM21308967~
NM1*82*1*Smith*Elizabeth****XX*1000030902~
DTM*232*20250901~
DTM*233*20250901~
SVC*HC:99214:50*435.00*0.00**3~
DTM*472*20250901~
CAS*PI*185*435.00*3~
REF*6R*LNCLM030090000~
AMT*B6*0.00~
LQ*HE*N386~
CLP*CLM0300901*4*2800.00*0.00*0.00*13*PCN143407306*11*1~
CAS*OA*109*2800.00*1~
NM1*QC*1*Nguyen*Matthew****MI*INS23632021~
NM1*82*1*Smith*Elizabeth****XX*1000030902~
DTM*232*20250906~
DTM*233*20250907~
SVC*HC:29881*1900.00*0.00**2~
DTM*472*20250906~
CAS*OA*109*1900.00*2~
REF*6R*LNCLM030090100~
AMT*B6*0.00~
LQ*HE*N362~
SVC*HC:25600:25*900.00*0.00**2~
DTM*472*20250906~
CAS*OA*109*900.00*2~
REF*6R*LNCLM030090101~
AMT*B6*0.00~
LQ*HE*N362~
SE*43*30903~
GE*1*30902~
IEA*1*000030901~