ISA*00*          *00*          *ZZ*61101          *ZZ*1000030502     *260122*2334*^*00501*000030501*0*P*:~
GS*HP*61101*1000030502*20260122*2334*30502*X*005010X221A1~
ST*835*30503*005010X221A1~
BPR*I*1223.69*C*ACH*CCP*01*101000019*DA*8901234567*61101**01*021000021*DA*9012345678*20260122~
TRN*1*T000000030500*1655396663~
DTM*405*20260122~
N1*PR*Humana~
N3*7536 Washington Ave~
N4*Seattle*WA*98101~
REF*2U*61101~
N1*PE*Scott Elizabeth*XX*1000030502~
N3*2856 Oak Ave~
N4*New York*NY*10001~
REF*TJ*784100056~
CLP*CLM0300500*1*450.00*252.76*86.01*13*PCN855743493*11*1~
CAS*CO*45*111.23*1~
CAS*PR*2*86.01*1~
NM1*QC*1*Rivera*Jacob****MI*INS30088695~
NM1*82*1*Scott*Elizabeth****XX*1000030502~
DTM*232*20251205~
DTM*233*20251206~
SVC*HC:73721:51*450.00*252.76**1~
DTM*472*20251205~
CAS*CO*97*111.23*1~
CAS*PR*3*86.01*1~
REF*6R*LNCLM030050000~
AMT*B6*338.77~
LQ*HE*N95~
CLP*CLM0300501*1*1500.00*944.07*295.75*13*PCN147743285*11*1~
CAS*CO*45*260.18*1~
CAS*PR*3*295.75*1~
NM1*QC*1*Williams*Sandra****MI*PLN52761299~
NM1*82*1*Scott*Elizabeth****XX*1000030502~
DTM*232*20251226~
DTM*233*20251227~
SVC*HC:27786:77*1500.00*944.07**2~
DTM*472*20251226~
CAS*CO*97*260.18*2~
CAS*PR*3*295.75*2~
REF*6R*LNCLM030050100~
AMT*B6*1239.82~
LQ*HE*N362~
CLP*CLM0300502*1*42.00*26.86*5.85*13*PCN585553982*11*1~
CAS*CO*45*9.29*1~
CAS*PR*1*5.85*1~
NM1*QC*1*Taylor*Jessica****MI*GRP33733794~
NM1*82*1*Scott*Elizabeth****XX*1000030502~
DTM*232*20250824~
DTM*233*20250824~
SVC*HC:97110:77*42.00*26.86**1~
DTM*472*20250824~
CAS*CO*97*9.29*1~
CAS*PR*2*5.85*1~
REF*6R*LNCLM030050200~
AMT*B6*32.71~
LQ*HE*N386~
PLB*456005165*20261231*WO*-367.51~
SE*56*30503~
GE*1*30502~
IEA*1*000030501~