ISA*00*          *00*          *ZZ*61101          *ZZ*1000030802     *251226*2334*^*00501*000030801*0*P*:~
GS*HP*61101*1000030802*20251226*2334*30802*X*005010X221A1~
ST*835*30803*005010X221A1~
BPR*I*0.00*C*ACH*CCP*01*026009593*DA*1234567890*61101**01*021000021*DA*0123456789*20251226~
TRN*1*T000000030800*1699130233~
DTM*405*20251226~
N1*PR*Humana~
N3*7536 Washington Ave~
N4*Seattle*WA*98101~
REF*2U*61101~
N1*PE*Martinez Christine*XX*1000030802~
N3*5988 Meadow Ln~
N4*Austin*TX*73301~
REF*TJ*663024673~
CLP*CLM0300800*4*660.00*0.00*0.00*13*PCN847431832*11*1~
CAS*CO*167*660.00*1~
NM1*QC*1*Johnson*Jennifer****MI*INS71749768~
NM1*82*1*Martinez*Christine****XX*1000030802~
DTM*232*20260131~
DTM*233*20260201~
SVC*HC:99213:RT*285.00*0.00**3~
DTM*472*20260131~
CAS*CO*167*285.00*3~
REF*6R*LNCLM030080000~
AMT*B6*0.00~
LQ*HE*M15~
SVC*HC:20610:76*375.00*0.00**3~
DTM*472*20260131~
CAS*CO*167*375.00*3~
REF*6R*LNCLM030080001~
AMT*B6*0.00~
LQ*HE*MA130~
CLP*CLM0300801*4*3790.00*0.00*0.00*13*PCN760050957*11*1~
CAS*CO*4*3790.00*1~
NM1*QC*1*Adams*Ryan****MI*MEM93458114~
NM1*82*1*Martinez*Christine****XX*1000030802~
DTM*232*20260114~
DTM*233*20260115~
SVC*HC:27447:76*3600.00*0.00**2~
DTM*472*20260114~
CAS*CO*4*3600.00*2~
REF*6R*LNCLM030080100~
AMT*B6*0.00~
LQ*HE*MA130~
SVC*HC:99213:50*190.00*0.00**2~
DTM*472*20260114~
CAS*CO*4*190.00*2~
REF*6R*LNCLM030080101~
AMT*B6*0.00~
LQ*HE*MA130~
CLP*CLM0300802*4*2000.00*0.00*0.00*13*PCN341235917*11*1~
CAS*CO*11*2000.00*1~
NM1*QC*1*Perez*Jacob****MI*MEM25214290~
NM1*82*1*Martinez*Christine****XX*1000030802~
DTM*232*20251203~
DTM*233*20251204~
SVC*HC:27130*2000.00*0.00**1~
DTM*472*20251203~
CAS*CO*11*2000.00*1~
REF*6R*LNCLM030080200~
AMT*B6*0.00~
LQ*HE*MA130~
SE*61*30803~
GE*1*30802~
IEA*1*000030801~