ISA*00*          *00*          *ZZ*60054          *ZZ*1000030402     *251209*2334*^*00501*000030401*0*P*:~
GS*HP*60054*1000030402*20251209*2334*30402*X*005010X221A1~
ST*835*30403*005010X221A1~
BPR*I*0.00*C*ACH*CCP*01*074000078*DA*5678901234*60054**01*071000013*DA*9012345678*20251209~
TRN*1*T000000030400*1201882436~
DTM*405*20251209~
N1*PR*Aetna~
N3*8087 Forest Dr~
N4*Indianapolis*IN*46201~
REF*2U*60054~
N1*PE*Williams Thomas*XX*1000030402~
N3*4174 Highland Ave~
N4*Phoenix*AZ*85001~
REF*TJ*288579726~
CLP*CLM0300400*4*126.00*0.00*0.00*12*PCN920146054*11*1~
CAS*CO*27*126.00*1~
NM1*QC*1*Garcia*Charles****MI*GRP53248164~
NM1*82*1*Williams*Thomas****XX*1000030402~
DTM*232*20251126~
DTM*233*20251126~
SVC*HC:97140:76*126.00*0.00**3~
DTM*472*20251126~
CAS*CO*27*126.00*3~
REF*6R*LNCLM030040000~
AMT*B6*0.00~
LQ*HE*N386~
CLP*CLM0300401*4*1900.00*0.00*0.00*12*PCN403963436*11*1~
CAS*CO*96*1900.00*1~
NM1*QC*1*Thompson*Karen****MI*INS64544917~
NM1*82*1*Williams*Thomas****XX*1000030402~
DTM*232*20260207~
DTM*233*20260207~
SVC*HC:29881:59*1900.00*0.00**2~
DTM*472*20260207~
CAS*CO*96*1900.00*2~
REF*6R*LNCLM030040100~
AMT*B6*0.00~
LQ*HE*N95~
CLP*CLM0300402*4*416.00*0.00*0.00*12*PCN762197140*11*1~
CAS*CO*29*416.00*1~
NM1*QC*1*Gonzalez*Michelle****MI*GRP75741092~
NM1*82*1*Williams*Thomas****XX*1000030402~
DTM*232*20250928~
DTM*233*20250928~
SVC*HC:99214:LT*290.00*0.00**2~
DTM*472*20250928~
CAS*CO*29*290.00*2~
REF*6R*LNCLM030040200~
AMT*B6*0.00~
LQ*HE*N95~
SVC*HC:97140:50*126.00*0.00**3~
DTM*472*20250928~
CAS*CO*29*126.00*3~
REF*6R*LNCLM030040201~
AMT*B6*0.00~
LQ*HE*M15~
SE*55*30403~
GE*1*30402~
IEA*1*000030401~