ISA*00*          *00*          *ZZ*60054          *ZZ*1000031002     *251230*2334*^*00501*000031001*0*P*:~
GS*HP*60054*1000031002*20251230*2334*31002*X*005010X221A1~
ST*835*31003*005010X221A1~
BPR*I*0.00*C*ACH*CCP*01*074000078*DA*2345678901*60054**01*071000013*DA*7890123456*20251230~
TRN*1*T000000031000*1350575782~
DTM*405*20251230~
N1*PR*Aetna~
N3*8087 Forest Dr~
N4*Indianapolis*IN*46201~
REF*2U*60054~
N1*PE*Smith Stephen*XX*1000031002~
N3*5002 Elm Blvd~
N4*Jacksonville*FL*32099~
REF*TJ*572524184~
CLP*CLM0301000*4*3525.00*0.00*0.00*12*PCN498085309*11*1~
CAS*OA*109*3525.00*1~
NM1*QC*1*Martin*Elizabeth****MI*MEM27371720~
NM1*82*1*Smith*Stephen****XX*1000031002~
DTM*232*20251008~
DTM*233*20251008~
SVC*HC:73221:RT*1275.00*0.00**3~
DTM*472*20251008~
CAS*OA*109*1275.00*3~
REF*6R*LNCLM030100000~
AMT*B6*0.00~
LQ*HE*N479~
SVC*HC:27786:50*2250.00*0.00**3~
DTM*472*20251008~
CAS*OA*109*2250.00*3~
REF*6R*LNCLM030100001~
AMT*B6*0.00~
LQ*HE*N362~
CLP*CLM0301001*4*1325.00*0.00*0.00*12*PCN150610826*11*1~
CAS*OA*31*1325.00*1~
NM1*QC*1*Davis*Sharon****MI*INS57988712~
NM1*82*1*Smith*Stephen****XX*1000031002~
DTM*232*20260203~
DTM*233*20260203~
SVC*HC:73221:TC*425.00*0.00**1~
DTM*472*20260203~
CAS*OA*31*425.00*1~
REF*6R*LNCLM030100100~
AMT*B6*0.00~
LQ*HE*N386~
SVC*HC:25600:TC*900.00*0.00**2~
DTM*472*20260203~
CAS*OA*31*900.00*2~
REF*6R*LNCLM030100101~
AMT*B6*0.00~
LQ*HE*MA130~
SE*49*31003~
GE*1*31002~
IEA*1*000031001~