ISA*00*          *00*          *ZZ*61101          *ZZ*1000030602     *260119*2334*^*00501*000030601*0*P*:~
GS*HP*61101*1000030602*20260119*2334*30602*X*005010X221A1~
ST*835*30603*005010X221A1~
BPR*I*3321.71*C*ACH*CCP*01*074000078*DA*1234567890*61101**01*021202337*DA*4567890123*20260119~
TRN*1*T000000030600*1538145742~
DTM*405*20260119~
N1*PR*Humana~
N3*7536 Washington Ave~
N4*Seattle*WA*98101~
REF*2U*61101~
N1*PE*Walker Maria*XX*1000030602~
N3*8179 Highland Ave~
N4*Fort Worth*TX*76101~
REF*TJ*628136475~
CLP*CLM0300600*1*2000.00*1141.37*327.38*13*PCN980062577*11*1~
CAS*CO*45*531.25*1~
CAS*PR*1*327.38*1~
NM1*QC*1*Williams*Paul****MI*GRP99189677~
NM1*82*1*Walker*Maria****XX*1000030602~
DTM*232*20251027~
DTM*233*20251027~
SVC*HC:25600:59*900.00*627.79**2~
DTM*472*20251027~
CAS*CO*45*160.84*2~
CAS*PR*2*111.37*2~
REF*6R*LNCLM030060000~
AMT*B6*739.16~
LQ*HE*N386~
SVC*HC:29826:50*1100.00*513.58**1~
DTM*472*20251027~
CAS*CO*97*370.41*1~
CAS*PR*3*216.01*1~
REF*6R*LNCLM030060001~
AMT*B6*729.59~
LQ*HE*MA130~
CLP*CLM0300601*1*4050.00*2180.34*558.20*13*PCN153396867*11*1~
CAS*CO*97*1311.46*1~
CAS*PR*2*558.20*1~
NM1*QC*1*Rodriguez*Patricia****MI*MEM61858078~
NM1*82*1*Walker*Maria****XX*1000030602~
DTM*232*20250903~
DTM*233*20250903~
SVC*HC:25600:25*450.00*251.61**1~
DTM*472*20250903~
CAS*CO*45*125.39*1~
CAS*PR*3*73.00*1~
REF*6R*LNCLM030060100~
AMT*B6*324.61~
LQ*HE*N386~
SVC*HC:27447:LT*3600.00*1928.73**2~
DTM*472*20250903~
CAS*CO*45*1186.07*2~
CAS*PR*2*485.20*2~
REF*6R*LNCLM030060101~
AMT*B6*2413.93~
LQ*HE*N95~
PLB*986758557*20261231*FB*-216.60~
SE*56*30603~
GE*1*30602~
IEA*1*000030601~