ISA*00*          *00*          *ZZ*61101          *ZZ*1000030302     *251126*2334*^*00501*000030301*0*P*:~
GS*HP*61101*1000030302*20251126*2334*30302*X*005010X221A1~
ST*835*30303*005010X221A1~
BPR*I*0.00*C*ACH*CCP*01*081000032*DA*8901234567*61101**01*021000021*DA*0123456789*20251126~
TRN*1*T000000030300*1395306624~
DTM*405*20251126~
N1*PR*Humana~
N3*7536 Washington Ave~
N4*Seattle*WA*98101~
REF*2U*61101~
N1*PE*Hall Daniel*XX*1000030302~
N3*490 Oak Ave~
N4*Chicago*IL*60601~
REF*TJ*339071350~
CLP*CLM0300300*4*3300.00*0.00*0.00*13*PCN138550235*11*1~
CAS*CO*29*3300.00*1~
NM1*QC*1*Ramirez*George****MI*PLN77555756~
NM1*82*1*Hall*Daniel****XX*1000030302~
DTM*232*20260101~
DTM*233*20260102~
SVC*HC:29826*3300.00*0.00**3~
DTM*472*20260101~
CAS*CO*29*3300.00*3~
REF*6R*LNCLM030030000~
AMT*B6*0.00~
LQ*HE*N386~
CLP*CLM0300301*4*155.00*0.00*0.00*13*PCN398169322*11*1~
CAS*CO*27*155.00*1~
NM1*QC*1*Adams*Sandra****MI*PLN28000084~
NM1*82*1*Hall*Daniel****XX*1000030302~
DTM*232*20251122~
DTM*233*20251123~
SVC*HC:20611:25*155.00*0.00**1~
DTM*472*20251122~
CAS*CO*27*155.00*1~
REF*6R*LNCLM030030100~
AMT*B6*0.00~
LQ*HE*N362~
PLB*418804152*20251231*FB*-148.16~
SE*38*30303~
GE*1*30302~
IEA*1*000030301~