ISA*00*          *00*          *ZZ*99726          *ZZ*1000030202     *251225*2334*^*00501*000030201*0*P*:~
GS*HP*99726*1000030202*20251225*2334*30202*X*005010X221A1~
ST*835*30203*005010X221A1~
BPR*I*0.00*C*ACH*CCP*01*111000025*DA*1234567890*99726**01*021000021*DA*9012345678*20251225~
TRN*1*T000000030200*1690502655~
DTM*405*20251225~
N1*PR*Tricare~
N3*3978 Market St~
N4*Houston*TX*77001~
REF*2U*99726~
N1*PE*Young Daniel*XX*1000030202~
N3*6217 Meadow Ln~
N4*San Jose*CA*95101~
REF*TJ*615886951~
CLP*CLM0300200*4*3750.00*0.00*0.00*15*PCN412764889*11*1~
CAS*CO*50*3750.00*1~
NM1*QC*1*Wilson*Carol****MI*PLN46710441~
NM1*82*1*Young*Daniel****XX*1000030202~
DTM*232*20251006~
DTM*233*20251007~
SVC*HC:29881:76*2850.00*0.00**3~
DTM*472*20251006~
CAS*CO*50*2850.00*3~
REF*6R*LNCLM030020000~
AMT*B6*0.00~
LQ*HE*N479~
SVC*HC:73721:TC*900.00*0.00**2~
DTM*472*20251006~
CAS*CO*50*900.00*2~
REF*6R*LNCLM030020001~
AMT*B6*0.00~
LQ*HE*N362~
CLP*CLM0300201*4*1005.00*0.00*0.00*15*PCN316147399*11*1~
CAS*CO*50*1005.00*1~
NM1*QC*1*Allen*Robert****MI*INS51369125~
NM1*82*1*Young*Daniel****XX*1000030202~
DTM*232*20250925~
DTM*233*20250926~
SVC*HC:73221:25*850.00*0.00**2~
DTM*472*20250925~
CAS*CO*50*850.00*2~
REF*6R*LNCLM030020100~
AMT*B6*0.00~
LQ*HE*N479~
SVC*HC:20611:LT*155.00*0.00**1~
DTM*472*20250925~
CAS*CO*50*155.00*1~
REF*6R*LNCLM030020101~
AMT*B6*0.00~
LQ*HE*MA130~
SE*49*30203~
GE*1*30202~
IEA*1*000030201~