ISA*00*          *00*          *ZZ*62308          *ZZ*1000030102     *251210*2334*^*00501*000030101*0*P*:~
GS*HP*62308*1000030102*20251210*2334*30102*X*005010X221A1~
ST*835*30103*005010X221A1~
BPR*I*0.00*C*ACH*CCP*01*074000078*DA*1234567890*62308**01*081000032*DA*0123456789*20251210~
TRN*1*T000000030100*1187573212~
DTM*405*20251210~
N1*PR*Cigna~
N3*8304 Park Dr~
N4*Jacksonville*FL*32099~
REF*2U*62308~
N1*PE*Chen Thomas*XX*1000030102~
N3*3842 Cedar Ln~
N4*Nashville*TN*37201~
REF*TJ*378741633~
CLP*CLM0300100*4*1800.00*0.00*0.00*12*PCN334602060*11*1~
CAS*CO*197*1800.00*1~
NM1*QC*1*Rodriguez*Betty****MI*INS27744758~
NM1*82*1*Chen*Thomas****XX*1000030102~
DTM*232*20251109~
DTM*233*20251110~
SVC*HC:27447:59*1800.00*0.00**1~
DTM*472*20251109~
CAS*CO*197*1800.00*1~
REF*6R*LNCLM030010000~
AMT*B6*0.00~
LQ*HE*MA130~
CLP*CLM0300101*4*290.00*0.00*0.00*12*PCN465966914*11*1~
CAS*CO*197*290.00*1~
NM1*QC*1*Sanchez*Patricia****MI*MEM56380586~
NM1*82*1*Chen*Thomas****XX*1000030102~
DTM*232*20251204~
DTM*233*20251204~
SVC*HC:99214:25*290.00*0.00**2~
DTM*472*20251204~
CAS*CO*197*290.00*2~
REF*6R*LNCLM030010100~
AMT*B6*0.00~
LQ*HE*MA130~
SE*37*30103~
GE*1*30102~
IEA*1*000030101~