ISA*00*          *00*          *ZZ*99726          *ZZ*1000030002     *260131*2334*^*00501*000030001*0*P*:~
GS*HP*99726*1000030002*20260131*2334*30002*X*005010X221A1~
ST*835*30003*005010X221A1~
BPR*I*0.00*C*ACH*CCP*01*101000019*DA*0123456789*99726**01*081000032*DA*0123456789*20260131~
TRN*1*T000000030000*1870126435~
DTM*405*20260131~
N1*PR*Tricare~
N3*3978 Market St~
N4*Houston*TX*77001~
REF*2U*99726~
N1*PE*Scott Robert*XX*1000030002~
N3*744 Meadow Ln~
N4*Indianapolis*IN*46201~
REF*TJ*504198913~
CLP*CLM0300000*4*2800.00*0.00*0.00*15*PCN304730442*11*1~
CAS*CO*16*2800.00*1~
NM1*QC*1*Walker*Thomas****MI*PLN32713015~
NM1*82*1*Scott*Robert****XX*1000030002~
DTM*232*20250826~
DTM*233*20250827~
SVC*HC:29881:LT*1900.00*0.00**2~
DTM*472*20250826~
CAS*CO*16*1900.00*2~
REF*6R*LNCLM030000000~
AMT*B6*0.00~
LQ*HE*N386~
SVC*HC:25600:25*900.00*0.00**2~
DTM*472*20250826~
CAS*CO*16*900.00*2~
REF*6R*LNCLM030000001~
AMT*B6*0.00~
LQ*HE*M15~
CLP*CLM0300001*4*1026.00*0.00*0.00*15*PCN231837179*11*1~
CAS*CO*16*1026.00*1~
NM1*QC*1*Hill*Amanda****MI*GRP25173748~
NM1*82*1*Scott*Robert****XX*1000030002~
DTM*232*20251218~
DTM*233*20251218~
SVC*HC:97110:RT*126.00*0.00**3~
DTM*472*20251218~
CAS*CO*16*126.00*3~
REF*6R*LNCLM030000100~
AMT*B6*0.00~
LQ*HE*N362~
SVC*HC:73721*900.00*0.00**2~
DTM*472*20251218~
CAS*CO*16*900.00*2~
REF*6R*LNCLM030000101~
AMT*B6*0.00~
LQ*HE*N479~
PLB*865000589*20261231*WO*-114.95~
SE*50*30003~
GE*1*30002~
IEA*1*000030001~