ISA*00*          *00*          *ZZ*BCBS1          *ZZ*1000030702     *260203*2334*^*00501*000030701*0*P*:~
GS*HP*BCBS1*1000030702*20260203*2334*30702*X*005010X221A1~
ST*835*30703*005010X221A1~
BPR*I*0.00*C*ACH*CCP*01*091000019*DA*5678901234*BCBS1**01*021000021*DA*5678901234*20260203~
TRN*1*T000000030700*1876506265~
DTM*405*20260203~
N1*PR*Blue Cross Blue Shield~
N3*5918 College Ave~
N4*San Antonio*TX*78201~
REF*2U*BCBS1~
N1*PE*Nguyen Laura*XX*1000030702~
N3*5342 Church St~
N4*Phoenix*AZ*85001~
REF*TJ*728987702~
CLP*CLM0300700*4*126.00*0.00*0.00*13*PCN443586716*11*1~
CAS*CO*11*126.00*1~
NM1*QC*1*Adams*Brian****MI*GRP86580582~
NM1*82*1*Nguyen*Laura****XX*1000030702~
DTM*232*20251118~
DTM*233*20251118~
SVC*HC:97140:59*126.00*0.00**3~
DTM*472*20251118~
CAS*CO*11*126.00*3~
REF*6R*LNCLM030070000~
AMT*B6*0.00~
LQ*HE*N479~
CLP*CLM0300701*4*197.00*0.00*0.00*13*PCN659332375*11*1~
CAS*CO*167*197.00*1~
NM1*QC*1*Brown*Christopher****MI*PLN99594206~
NM1*82*1*Nguyen*Laura****XX*1000030702~
DTM*232*20251206~
DTM*233*20251206~
SVC*HC:97140:25*42.00*0.00**1~
DTM*472*20251206~
CAS*CO*167*42.00*1~
REF*6R*LNCLM030070100~
AMT*B6*0.00~
LQ*HE*N386~
SVC*HC:20611:76*155.00*0.00**1~
DTM*472*20251206~
CAS*CO*167*155.00*1~
REF*6R*LNCLM030070101~
AMT*B6*0.00~
LQ*HE*N386~
CLP*CLM0300702*4*3975.00*0.00*0.00*13*PCN867719208*11*1~
CAS*CO*4*3975.00*1~
NM1*QC*1*Garcia*Jessica****MI*MEM22242426~
NM1*82*1*Nguyen*Laura****XX*1000030702~
DTM*232*20251130~
DTM*233*20251201~
SVC*HC:27447:26*3600.00*0.00**2~
DTM*472*20251130~
CAS*CO*4*3600.00*2~
REF*6R*LNCLM030070200~
AMT*B6*0.00~
LQ*HE*M15~
SVC*HC:20610:25*375.00*0.00**3~
DTM*472*20251130~
CAS*CO*4*375.00*3~
REF*6R*LNCLM030070201~
AMT*B6*0.00~
LQ*HE*N479~
PLB*878873205*20261231*FB*-414.08~
SE*62*30703~
GE*1*30702~
IEA*1*000030701~