ISA*00*          *00*          *ZZ*BCBS1          *ZZ*1000020102     *20260214*2335*^*00501*012000001*0*P*:~
GS*HP*BCBS1*1000020102*20260214*2335*120001*X*005010X221A1~
ST*835*00120001~
BPR*H*0.00*C*NON************20260214~
TRN*1*TRC120011833*1BCBS1~
DTM*405*20260214~
N1*PR*Blue Cross Blue Shield*XV*BCBS1~
N3*PO Box 27515~
N4*Phoenix*AZ*85001~
N1*PE*Angela Scott, MD*XX*1000020102~
N3*7446 River Rd~
N4*Chicago*IL*60601~
REF*TJ*102750579~
CLP*CLM1200100*4*95.00*0.00*0.00*HMO*PYR1200100604~
CAS*CO*22*95.00~
NM1*QC*1*Davis*Joshua****MI*PLN94545612~
NM1*82*1*Scott*Angela****XX*1000020102~
DTM*232*20250901~
DTM*233*20250901~
SVC*HC:99213*95.00*0.00**1~
CAS*CO*22*95.00~
DTM*472*20250901~
REF*6R*LNCLM12001005684~
AMT*B6*0.00~
LQ*HE*N362~
CLP*CLM1200101*4*200.00*0.00*0.00*HMO*PYR1200101974~
CAS*CO*31*200.00~
NM1*QC*1*Scott*Mary****MI*MEM67131715~
NM1*82*1*Scott*Angela****XX*1000020102~
DTM*232*20251127~
DTM*233*20251128~
SVC*HC:99283*200.00*0.00**3~
CAS*CO*31*200.00~
DTM*472*20251127~
REF*6R*LNCLM12001015830~
AMT*B6*0.00~
LQ*HE*N362~
SE*36*00120001~
GE*1*120001~
IEA*1*012000001~