ISA*00*          *00*          *ZZ*MDCD           *ZZ*1000032202     *20260123*2335*^*00501*012000012*0*P*:~
GS*HP*MDCD*1000032202*20260123*2335*120012*X*005010X221A1~
ST*835*00120012~
BPR*H*30.68*C*NON************20260123~
TRN*1*TRC120129149*1MDCD~
DTM*405*20260123~
N1*PR*Medicaid*XV*MDCD~
N3*PO Box 85222~
N4*Chicago*IL*60601~
N1*PE*Laura Anderson, MD*XX*1000032202~
N3*126 Church St~
N4*Dallas*TX*75201~
REF*TJ*456340297~
CLP*CLM1201200*4*200.00*0.00*15.08*Medicaid*PYR1201200294~
CAS*CO*4*184.92~
CAS*PR*3*15.08~
NM1*QC*1*Gonzalez*Patricia****MI*INS71186702~
NM1*82*1*Anderson*Laura****XX*1000032202~
DTM*232*20251230~
DTM*233*20251230~
SVC*HC:99283*200.00*0.00**1~
CAS*CO*4*184.92~
CAS*PR*3*15.08~
DTM*472*20251230~
REF*6R*LNCLM12012009870~
AMT*B6*0.00~
LQ*HE*MA130~
CLP*CLM1201201*2*10.00*2.39*0.68*Medicaid*PYR1201201167~
CAS*OA*11*6.93~
CAS*PR*1*0.68~
NM1*QC*1*Lewis*William****MI*GRP34816366~
NM1*82*1*Anderson*Laura****XX*1000032202~
DTM*232*20251111~
DTM*233*20251112~
SVC*HC:36415*10.00*2.39**2~
CAS*OA*11*6.93~
CAS*PR*1*0.68~
DTM*472*20251111~
REF*6R*LNCLM12012018603~
AMT*B6*3.07~
LQ*HE*N95~
CLP*CLM1201202*4*10.00*0.00*0.96*Medicaid*PYR1201202454~
CAS*OA*109*9.04~
CAS*PR*2*0.96~
NM1*QC*1*Thompson*Brian****MI*INS81944730~
NM1*82*1*Anderson*Laura****XX*1000032202~
DTM*232*20250928~
DTM*233*20250928~
SVC*HC:36415*10.00*0.00**2~
CAS*OA*109*9.04~
CAS*PR*2*0.96~
DTM*472*20250928~
REF*6R*LNCLM12012023216~
AMT*B6*0.00~
LQ*HE*N362~
CLP*CLM1201203*2*8.00*3.12*0.43*Medicaid*PYR1201203150~
CAS*OA*4*4.45~
CAS*PR*2*0.43~
NM1*QC*1*Perez*Patricia****MI*INS15466111~
NM1*82*1*Anderson*Laura****XX*1000032202~
DTM*232*20260101~
DTM*233*20260101~
SVC*HC:81002*8.00*3.12**1~
CAS*OA*4*4.45~
CAS*PR*2*0.43~
DTM*472*20260101~
REF*6R*LNCLM12012038533~
AMT*B6*3.55~
LQ*HE*N386~
CLP*CLM1201204*2*85.00*25.17*13.56*Medicaid*PYR1201204588~
CAS*CO*167*46.27~
CAS*PR*3*13.56~
NM1*QC*1*Wilson*Susan****MI*PLN86436759~
NM1*82*1*Anderson*Laura****XX*1000032202~
DTM*232*20251121~
DTM*233*20251122~
SVC*HC:29125*85.00*25.17**2~
CAS*CO*167*46.27~
CAS*PR*3*13.56~
DTM*472*20251121~
REF*6R*LNCLM12012044033~
AMT*B6*38.73~
LQ*HE*N95~
SE*82*00120012~
GE*1*120012~
IEA*1*012000012~