ISA*00*          *00*          *ZZ*CMS            *ZZ*1000020202     *20260214*2335*^*00501*012000002*0*P*:~
GS*HP*CMS*1000020202*20260214*2335*120002*X*005010X221A1~
ST*835*00120002~
BPR*H*0.00*C*NON************20260214~
TRN*1*TRC120028000*1CMS~
DTM*405*20260214~
N1*PR*Medicare Part B*XV*CMS~
N3*PO Box 63687~
N4*Fort Worth*TX*76101~
N1*PE*Angela Scott, MD*XX*1000020202~
N3*7949 Highland Ave~
N4*Columbus*OH*43085~
REF*TJ*795442215~
CLP*CLM1200200*4*225.00*0.00*0.00*Medicare*PYR1200200418~
CAS*CO*22*225.00~
NM1*QC*1*Williams*Andrew****MI*MEM29563174~
NM1*82*1*Scott*Angela****XX*1000020202~
DTM*232*20251202~
DTM*233*20251202~
SVC*HC:12002*225.00*0.00**3~
CAS*CO*22*225.00~
DTM*472*20251202~
REF*6R*LNCLM12002006104~
AMT*B6*0.00~
LQ*HE*N362~
CLP*CLM1200201*4*130.00*0.00*0.00*Medicare*PYR1200201957~
CAS*OA*22*130.00~
NM1*QC*1*Moore*Jennifer****MI*MEM11513788~
NM1*82*1*Scott*Angela****XX*1000020202~
DTM*232*20251201~
DTM*233*20251201~
SVC*HC:99203*130.00*0.00**1~
CAS*OA*22*130.00~
DTM*472*20251201~
REF*6R*LNCLM12002018484~
AMT*B6*0.00~
LQ*HE*N362~
CLP*CLM1200202*4*8.00*0.00*0.00*Medicare*PYR1200202757~
CAS*CO*31*8.00~
NM1*QC*1*Wilson*Joseph****MI*INS86758132~
NM1*82*1*Scott*Angela****XX*1000020202~
DTM*232*20251203~
DTM*233*20251204~
SVC*HC:81002*8.00*0.00**1~
CAS*CO*31*8.00~
DTM*472*20251203~
REF*6R*LNCLM12002028102~
AMT*B6*0.00~
LQ*HE*N362~
SE*48*00120002~
GE*1*120002~
IEA*1*012000002~