ISA*00*          *00*          *ZZ*62308          *ZZ*1000026802     *20251207*2335*^*00501*012000008*0*P*:~
GS*HP*62308*1000026802*20251207*2335*120008*X*005010X221A1~
ST*835*00120008~
BPR*H*0.00*C*NON************20251207~
TRN*1*TRC120089997*162308~
DTM*405*20251207~
N1*PR*Cigna*XV*62308~
N3*PO Box 41629~
N4*Indianapolis*IN*46201~
N1*PE*Jennifer Thompson, MD*XX*1000026802~
N3*2102 Market St~
N4*Indianapolis*IN*46201~
REF*TJ*613336051~
CLP*CLM1200800*4*175.00*0.00*0.00*PPO*PYR1200800886~
CAS*PI*197*175.00~
NM1*QC*1*Johnson*Michael****MI*PLN47674329~
NM1*82*1*Thompson*Jennifer****XX*1000026802~
DTM*232*20260118~
DTM*233*20260119~
SVC*HC:12001*175.00*0.00**1~
CAS*PI*197*175.00~
DTM*472*20260118~
REF*6R*LNCLM12008005091~
AMT*B6*0.00~
LQ*HE*MA130~
CLP*CLM1200801*4*10.00*0.00*0.00*PPO*PYR1200801236~
CAS*PI*50*10.00~
NM1*QC*1*Hernandez*Donald****MI*INS51104927~
NM1*82*1*Thompson*Jennifer****XX*1000026802~
DTM*232*20251212~
DTM*233*20251212~
SVC*HC:36415*10.00*0.00**2~
CAS*PI*50*10.00~
DTM*472*20251212~
REF*6R*LNCLM12008019656~
AMT*B6*0.00~
LQ*HE*MA130~
SE*36*00120008~
GE*1*120008~
IEA*1*012000008~