ISA*00*          *00*          *ZZ*61101          *ZZ*1000023602     *20251210*2335*^*00501*012000006*0*P*:~
GS*HP*61101*1000023602*20251210*2335*120006*X*005010X221A1~
ST*835*00120006~
BPR*H*0.00*C*NON************20251210~
TRN*1*TRC120068118*161101~
DTM*405*20251210~
N1*PR*Humana*XV*61101~
N3*PO Box 11598~
N4*Portland*OR*97201~
N1*PE*Stephen Thompson, DO*XX*1000023602~
N3*4652 Church St~
N4*San Antonio*TX*78201~
REF*TJ*771996987~
CLP*CLM1200600*4*95.00*0.00*0.00*HMO*PYR1200600323~
CAS*CO*167*95.00~
NM1*QC*1*Young*Cynthia****MI*MEM48318931~
NM1*82*1*Thompson*Stephen****XX*1000023602~
DTM*232*20250928~
DTM*233*20250928~
SVC*HC:99213*95.00*0.00**1~
CAS*CO*167*95.00~
DTM*472*20250928~
REF*6R*LNCLM12006008549~
AMT*B6*0.00~
LQ*HE*N386~
CLP*CLM1200601*4*95.00*0.00*0.00*HMO*PYR1200601217~
CAS*CO*167*95.00~
NM1*QC*1*Green*Anthony****MI*INS79024585~
NM1*82*1*Thompson*Stephen****XX*1000023602~
DTM*232*20250919~
DTM*233*20250919~
SVC*HC:99213*95.00*0.00**1~
CAS*CO*167*95.00~
DTM*472*20250919~
REF*6R*LNCLM12006019731~
AMT*B6*0.00~
LQ*HE*N386~
CLP*CLM1200602*4*130.00*0.00*0.00*HMO*PYR1200602797~
CAS*CO*97*130.00~
NM1*QC*1*Lopez*Lisa****MI*GRP88743016~
NM1*82*1*Thompson*Stephen****XX*1000023602~
DTM*232*20260117~
DTM*233*20260117~
SVC*HC:99203*130.00*0.00**2~
CAS*CO*97*130.00~
DTM*472*20260117~
REF*6R*LNCLM12006024526~
AMT*B6*0.00~
LQ*HE*N386~
SE*48*00120006~
GE*1*120006~
IEA*1*012000006~