ISA*00*          *00*          *ZZ*99726          *ZZ*1000023402     *20260131*2335*^*00501*012000004*0*P*:~
GS*HP*99726*1000023402*20260131*2335*120004*X*005010X221A1~
ST*835*00120004~
BPR*H*0.00*C*NON************20260131~
TRN*1*TRC120047909*199726~
DTM*405*20260131~
N1*PR*Tricare*XV*99726~
N3*PO Box 72430~
N4*Indianapolis*IN*46201~
N1*PE*Michael Robinson, MD PhD*XX*1000023402~
N3*4299 Cedar Ln~
N4*Los Angeles*CA*90001~
REF*TJ*668827827~
CLP*CLM1200400*4*10.00*0.00*0.00*Government*PYR1200400969~
CAS*CO*97*10.00~
NM1*QC*1*White*Kevin****MI*PLN41874369~
NM1*82*1*Robinson*Michael****XX*1000023402~
DTM*232*20251002~
DTM*233*20251002~
SVC*HC:36415*10.00*0.00**1~
CAS*CO*97*10.00~
DTM*472*20251002~
REF*6R*LNCLM12004005673~
AMT*B6*0.00~
LQ*HE*N386~
CLP*CLM1200401*4*10.00*0.00*0.00*Government*PYR1200401668~
CAS*CO*4*10.00~
NM1*QC*1*Lewis*Michael****MI*MEM91030148~
NM1*82*1*Robinson*Michael****XX*1000023402~
DTM*232*20251115~
DTM*233*20251116~
SVC*HC:36415*10.00*0.00**2~
CAS*CO*4*10.00~
DTM*472*20251115~
REF*6R*LNCLM12004017472~
AMT*B6*0.00~
LQ*HE*N386~
SE*36*00120004~
GE*1*120004~
IEA*1*012000004~