ISA*00*          *00*          *ZZ*62308          *ZZ*1000032102     *20260117*2335*^*00501*012000011*0*P*:~
GS*HP*62308*1000032102*20260117*2335*120011*X*005010X221A1~
ST*835*00120011~
BPR*H*32.45*C*NON************20260117~
TRN*1*TRC120118405*162308~
DTM*405*20260117~
N1*PR*Cigna*XV*62308~
N3*PO Box 15759~
N4*Philadelphia*PA*19101~
N1*PE*Daniel Johnson, MD*XX*1000032102~
N3*8620 Washington Ave~
N4*Houston*TX*77001~
REF*TJ*740788497~
CLP*CLM1201100*2*125.00*32.45*19.45*PPO*PYR1201100773~
CAS*CO*11*73.10~
CAS*PR*1*19.45~
NM1*QC*1*Wilson*Michael****MI*GRP14557260~
NM1*82*1*Johnson*Daniel****XX*1000032102~
DTM*232*20250906~
DTM*233*20250906~
SVC*HC:99282*125.00*32.45**2~
CAS*CO*11*73.10~
CAS*PR*1*19.45~
DTM*472*20250906~
REF*6R*LNCLM12011009812~
AMT*B6*51.90~
LQ*HE*MA130~
CLP*CLM1201101*4*200.00*0.00*17.09*PPO*PYR1201101913~
CAS*PI*31*182.91~
CAS*PR*3*17.09~
NM1*QC*1*Rivera*Melissa****MI*GRP90936275~
NM1*82*1*Johnson*Daniel****XX*1000032102~
DTM*232*20250909~
DTM*233*20250909~
SVC*HC:99204*200.00*0.00**1~
CAS*PI*31*182.91~
CAS*PR*3*17.09~
DTM*472*20250909~
REF*6R*LNCLM12011013531~
AMT*B6*0.00~
LQ*HE*N95~
CLP*CLM1201102*4*75.00*0.00*0.00*PPO*PYR1201102121~
CAS*CO*4*75.00~
NM1*QC*1*Brown*Richard****MI*INS48021045~
NM1*82*1*Johnson*Daniel****XX*1000032102~
DTM*232*20251202~
DTM*233*20251202~
SVC*HC:99281*75.00*0.00**1~
CAS*CO*4*75.00~
DTM*472*20251202~
REF*6R*LNCLM12011026272~
AMT*B6*0.00~
LQ*HE*MA04~
CLP*CLM1201103*4*85.00*0.00*0.00*PPO*PYR1201103170~
CAS*PI*31*85.00~
NM1*QC*1*Torres*Dorothy****MI*INS83102592~
NM1*82*1*Johnson*Daniel****XX*1000032102~
DTM*232*20250905~
DTM*233*20250905~
SVC*HC:29125*85.00*0.00**1~
CAS*PI*31*85.00~
DTM*472*20250905~
REF*6R*LNCLM12011038284~
AMT*B6*0.00~
LQ*HE*MA130~
CLP*CLM1201104*4*85.00*0.00*0.00*PPO*PYR1201104533~
CAS*OA*4*85.00~
NM1*QC*1*White*Matthew****MI*INS87714415~
NM1*82*1*Johnson*Daniel****XX*1000032102~
DTM*232*20260108~
DTM*233*20260108~
SVC*HC:29125*85.00*0.00**1~
CAS*OA*4*85.00~
DTM*472*20260108~
REF*6R*LNCLM12011048190~
AMT*B6*0.00~
LQ*HE*N362~
SE*76*00120011~
GE*1*120011~
IEA*1*012000011~