ISA*00*          *00*          *ZZ*60054          *ZZ*1000028902     *20260116*2335*^*00501*012000009*0*P*:~
GS*HP*60054*1000028902*20260116*2335*120009*X*005010X221A1~
ST*835*00120009~
BPR*H*0.00*C*NON************20260116~
TRN*1*TRC120095499*160054~
DTM*405*20260116~
N1*PR*Aetna*XV*60054~
N3*PO Box 60106~
N4*Fort Worth*TX*76101~
N1*PE*Elizabeth Chen, MD*XX*1000028902~
N3*4084 River Rd~
N4*San Jose*CA*95101~
REF*TJ*944810498~
CLP*CLM1200900*4*75.00*0.00*0.00*PPO*PYR1200900194~
CAS*PI*109*75.00~
NM1*QC*1*Torres*Joshua****MI*PLN58345092~
NM1*82*1*Chen*Elizabeth****XX*1000028902~
DTM*232*20251214~
DTM*233*20251214~
SVC*HC:99281*75.00*0.00**1~
CAS*PI*109*75.00~
DTM*472*20251214~
REF*6R*LNCLM12009008362~
AMT*B6*0.00~
LQ*HE*N381~
CLP*CLM1200901*4*125.00*0.00*0.00*PPO*PYR1200901511~
CAS*OA*109*125.00~
NM1*QC*1*Nguyen*Timothy****MI*INS36657392~
NM1*82*1*Chen*Elizabeth****XX*1000028902~
DTM*232*20250826~
DTM*233*20250827~
SVC*HC:99282*125.00*0.00**1~
CAS*OA*109*125.00~
DTM*472*20250826~
REF*6R*LNCLM12009014727~
AMT*B6*0.00~
LQ*HE*N381~
CLP*CLM1200902*4*145.00*0.00*0.00*PPO*PYR1200902504~
CAS*OA*109*145.00~
NM1*QC*1*Hernandez*Cynthia****MI*GRP45449520~
NM1*82*1*Chen*Elizabeth****XX*1000028902~
DTM*232*20250829~
DTM*233*20250829~
SVC*HC:99214*145.00*0.00**2~
CAS*OA*109*145.00~
DTM*472*20250829~
REF*6R*LNCLM12009024119~
AMT*B6*0.00~
LQ*HE*N381~
SE*48*00120009~
GE*1*120009~
IEA*1*012000009~