ISA*00*          *00*          *ZZ*CMS            *ZZ*1000020302     *20260212*2335*^*00501*012000003*0*P*:~
GS*HP*CMS*1000020302*20260212*2335*120003*X*005010X221A1~
ST*835*00120003~
BPR*H*0.00*C*NON************20260212~
TRN*1*TRC120031372*1CMS~
DTM*405*20260212~
N1*PR*Medicare Part B*XV*CMS~
N3*PO Box 26215~
N4*Austin*TX*73301~
N1*PE*Rebecca Clark, MD*XX*1000020302~
N3*967 Oak Ave~
N4*Fort Worth*TX*76101~
REF*TJ*685360999~
CLP*CLM1200300*4*18.00*0.00*0.00*Medicare*PYR1200300780~
CAS*CO*27*18.00~
NM1*QC*1*Nelson*Matthew****MI*GRP58304855~
NM1*82*1*Clark*Rebecca****XX*1000020302~
DTM*232*20251202~
DTM*233*20251202~
SVC*HC:87880*18.00*0.00**1~
CAS*CO*27*18.00~
DTM*472*20251202~
REF*6R*LNCLM12003004642~
AMT*B6*0.00~
LQ*HE*N362~
CLP*CLM1200301*4*18.00*0.00*0.00*Medicare*PYR1200301737~
CAS*CO*22*18.00~
NM1*QC*1*Flores*Jacob****MI*MEM80473753~
NM1*82*1*Clark*Rebecca****XX*1000020302~
DTM*232*20251019~
DTM*233*20251020~
SVC*HC:87880*18.00*0.00**1~
CAS*CO*22*18.00~
DTM*472*20251019~
REF*6R*LNCLM12003013849~
AMT*B6*0.00~
LQ*HE*N362~
SE*36*00120003~
GE*1*120003~
IEA*1*012000003~