ISA*00*          *00*          *ZZ*MDCD           *ZZ*1000026702     *20251214*2335*^*00501*012000007*0*P*:~
GS*HP*MDCD*1000026702*20251214*2335*120007*X*005010X221A1~
ST*835*00120007~
BPR*H*0.00*C*NON************20251214~
TRN*1*TRC120077080*1MDCD~
DTM*405*20251214~
N1*PR*Medicaid*XV*MDCD~
N3*PO Box 92171~
N4*San Diego*CA*92101~
N1*PE*John Lewis, MD*XX*1000026702~
N3*8387 Cedar Ln~
N4*Portland*OR*97201~
REF*TJ*245226928~
CLP*CLM1200700*4*18.00*0.00*0.00*Medicaid*PYR1200700981~
CAS*CO*50*18.00~
NM1*QC*1*Nelson*Stephanie****MI*INS87325425~
NM1*82*1*Lewis*John****XX*1000026702~
DTM*232*20251209~
DTM*233*20251209~
SVC*HC:87880*18.00*0.00**1~
CAS*CO*50*18.00~
DTM*472*20251209~
REF*6R*LNCLM12007002406~
AMT*B6*0.00~
LQ*HE*MA130~
CLP*CLM1200701*4*8.00*0.00*0.00*Medicaid*PYR1200701846~
CAS*PI*50*8.00~
NM1*QC*1*Ramirez*Anthony****MI*INS13604303~
NM1*82*1*Lewis*John****XX*1000026702~
DTM*232*20260102~
DTM*233*20260103~
SVC*HC:81002*8.00*0.00**3~
CAS*PI*50*8.00~
DTM*472*20260102~
REF*6R*LNCLM12007019533~
AMT*B6*0.00~
LQ*HE*MA130~
CLP*CLM1200702*4*22.00*0.00*0.00*Medicaid*PYR1200702576~
CAS*CO*197*22.00~
NM1*QC*1*Wilson*Linda****MI*INS96589184~
NM1*82*1*Lewis*John****XX*1000026702~
DTM*232*20250831~
DTM*233*20250901~
SVC*HC:87804*22.00*0.00**2~
CAS*CO*197*22.00~
DTM*472*20250831~
REF*6R*LNCLM12007029258~
AMT*B6*0.00~
LQ*HE*MA130~
SE*48*00120007~
GE*1*120007~
IEA*1*012000007~