ISA*00*          *00*          *ZZ*BCBS1          *ZZ*1000029002     *20251218*2335*^*00501*012000010*0*P*:~
GS*HP*BCBS1*1000029002*20251218*2335*120010*X*005010X221A1~
ST*835*00120010~
BPR*H*0.00*C*NON************20251218~
TRN*1*TRC120104729*1BCBS1~
DTM*405*20251218~
N1*PR*Blue Cross Blue Shield*XV*BCBS1~
N3*PO Box 44076~
N4*Fort Worth*TX*76101~
N1*PE*Michael Smith, MD*XX*1000029002~
N3*7425 Highland Ave~
N4*Indianapolis*IN*46201~
REF*TJ*210035621~
CLP*CLM1201000*4*45.00*0.00*0.00*HMO*PYR1201000955~
CAS*OA*96*45.00~
NM1*QC*1*Clark*Barbara****MI*MEM64331436~
NM1*82*1*Smith*Michael****XX*1000029002~
DTM*232*20251017~
DTM*233*20251017~
SVC*HC:71046*45.00*0.00**3~
CAS*OA*96*45.00~
DTM*472*20251017~
REF*6R*LNCLM12010005633~
AMT*B6*0.00~
LQ*HE*N381~
CLP*CLM1201001*4*130.00*0.00*0.00*HMO*PYR1201001761~
CAS*OA*109*130.00~
NM1*QC*1*Garcia*Deborah****MI*PLN38463099~
NM1*82*1*Smith*Michael****XX*1000029002~
DTM*232*20250928~
DTM*233*20250928~
SVC*HC:99203*130.00*0.00**1~
CAS*OA*109*130.00~
DTM*472*20250928~
REF*6R*LNCLM12010015741~
AMT*B6*0.00~
LQ*HE*N381~
CLP*CLM1201002*4*130.00*0.00*0.00*HMO*PYR1201002888~
CAS*PI*222*130.00~
NM1*QC*1*Torres*Sarah****MI*PLN90368806~
NM1*82*1*Smith*Michael****XX*1000029002~
DTM*232*20251011~
DTM*233*20251011~
SVC*HC:99203*130.00*0.00**1~
CAS*PI*222*130.00~
DTM*472*20251011~
REF*6R*LNCLM12010022033~
AMT*B6*0.00~
LQ*HE*N381~
SE*48*00120010~
GE*1*120010~
IEA*1*012000010~