ISA*00*          *00*          *ZZ*99726          *ZZ*1000023502     *20260117*2335*^*00501*012000005*0*P*:~
GS*HP*99726*1000023502*20260117*2335*120005*X*005010X221A1~
ST*835*00120005~
BPR*H*0.00*C*NON************20260117~
TRN*1*TRC120051643*199726~
DTM*405*20260117~
N1*PR*Tricare*XV*99726~
N3*PO Box 65750~
N4*Portland*OR*97201~
N1*PE*Karen Clark, MD FACS*XX*1000023502~
N3*541 River Rd~
N4*Los Angeles*CA*90001~
REF*TJ*884382254~
CLP*CLM1200500*4*22.00*0.00*0.00*Government*PYR1200500672~
CAS*CO*167*22.00~
NM1*QC*1*Thomas*Laura****MI*GRP35133405~
NM1*82*1*Clark*Karen****XX*1000023502~
DTM*232*20251211~
DTM*233*20251211~
SVC*HC:87804*22.00*0.00**3~
CAS*CO*167*22.00~
DTM*472*20251211~
REF*6R*LNCLM12005006017~
AMT*B6*0.00~
LQ*HE*N386~
CLP*CLM1200501*4*145.00*0.00*0.00*Government*PYR1200501537~
CAS*CO*4*145.00~
NM1*QC*1*Miller*Donna****MI*MEM64597763~
NM1*82*1*Clark*Karen****XX*1000023502~
DTM*232*20251213~
DTM*233*20251213~
SVC*HC:99214*145.00*0.00**1~
CAS*CO*4*145.00~
DTM*472*20251213~
REF*6R*LNCLM12005017863~
AMT*B6*0.00~
LQ*HE*N386~
CLP*CLM1200502*4*200.00*0.00*0.00*Government*PYR1200502697~
CAS*CO*11*200.00~
NM1*QC*1*Williams*Kevin****MI*PLN10205870~
NM1*82*1*Clark*Karen****XX*1000023502~
DTM*232*20250926~
DTM*233*20250926~
SVC*HC:99204*200.00*0.00**3~
CAS*CO*11*200.00~
DTM*472*20250926~
REF*6R*LNCLM12005024475~
AMT*B6*0.00~
LQ*HE*N386~
SE*48*00120005~
GE*1*120005~
IEA*1*012000005~