ISA*00*          *00*          *ZZ*BCBS1          *ZZ*1000000802     *260206*2334*^*00501*000000801*0*P*:~
GS*HP*BCBS1*1000000802*20260206*2334*802*X*005010X221A1~
ST*835*0803*005010X221A1~
BPR*I*0.00*C*ACH*CCP*01*122000247*DA*8901234567*BCBS1**01*021000021*DA*3456789012*20260206~
TRN*1*T000000000800*1337423754~
DTM*405*20260206~
N1*PR*Blue Cross Blue Shield~
N3*5918 College Ave~
N4*San Antonio*TX*78201~
REF*2U*BCBS1~
N1*PE*Williams Karen*XX*1000000802~
N3*5702 Church St~
N4*San Antonio*TX*78201~
REF*TJ*723042148~
CLP*CLM0000800*4*630.00*0.00*0.00*13*PCN658278175*11*1~
CAS*CO*167*630.00*1~
NM1*QC*1*Young*Richard****MI*GRP81600400~
NM1*82*1*Williams*Karen****XX*1000000802~
DTM*232*20251007~
DTM*233*20251007~
SVC*HC:99215:LT*630.00*0.00**3~
DTM*472*20251007~
CAS*CO*167*630.00*3~
REF*6R*LNCLM000080000~
AMT*B6*0.00~
LQ*HE*N95~
CLP*CLM0000801*4*845.00*0.00*0.00*13*PCN755660317*11*1~
CAS*CO*4*845.00*1~
NM1*QC*1*Williams*Laura****MI*MEM96911914~
NM1*82*1*Williams*Karen****XX*1000000802~
DTM*232*20260202~
DTM*233*20260203~
SVC*HC:99396:25*570.00*0.00**3~
DTM*472*20260202~
CAS*CO*4*570.00*3~
REF*6R*LNCLM000080100~
AMT*B6*0.00~
LQ*HE*MA130~
SVC*HC:99205:26*275.00*0.00**1~
DTM*472*20260202~
CAS*CO*4*275.00*1~
REF*6R*LNCLM000080101~
AMT*B6*0.00~
LQ*HE*N386~
CLP*CLM0000802*4*242.00*0.00*0.00*13*PCN718277611*11*1~
CAS*CO*11*242.00*1~
NM1*QC*1*Lee*Kenneth****MI*PLN90556021~
NM1*82*1*Williams*Karen****XX*1000000802~
DTM*232*20251109~
DTM*233*20251109~
SVC*HC:99204:50*200.00*0.00**1~
DTM*472*20251109~
CAS*CO*11*200.00*1~
REF*6R*LNCLM000080200~
AMT*B6*0.00~
LQ*HE*M15~
SVC*HC:99490:59*42.00*0.00**1~
DTM*472*20251109~
CAS*CO*11*42.00*1~
REF*6R*LNCLM000080201~
AMT*B6*0.00~
LQ*HE*MA130~
PLB*208246270*20261231*FB*-430.27~
SE*62*0803~
GE*1*802~
IEA*1*000000801~