ISA*00*          *00*          *ZZ*99726          *ZZ*1000000102     *251223*2334*^*00501*000000101*0*P*:~
GS*HP*99726*1000000102*20251223*2334*102*X*005010X221A1~
ST*835*0103*005010X221A1~
BPR*I*0.00*C*ACH*CCP*01*081000032*DA*0123456789*99726**01*091000019*DA*7890123456*20251223~
TRN*1*T000000000100*1332783251~
DTM*405*20251223~
N1*PR*Tricare~
N3*3978 Market St~
N4*Houston*TX*77001~
REF*2U*99726~
N1*PE*Scott David*XX*1000000102~
N3*4161 Washington Ave~
N4*Seattle*WA*98101~
REF*TJ*918758776~
CLP*CLM0000100*4*50.00*0.00*0.00*15*PCN782114980*11*1~
CAS*CO*197*50.00*1~
NM1*QC*1*Hall*Cynthia****MI*PLN98295316~
NM1*82*1*Scott*David****XX*1000000102~
DTM*232*20250912~
DTM*233*20250913~
SVC*HC:96372:51*50.00*0.00**2~
DTM*472*20250912~
CAS*CO*197*50.00*2~
REF*6R*LNCLM000010000~
AMT*B6*0.00~
LQ*HE*N386~
CLP*CLM0000101*4*630.00*0.00*0.00*15*PCN723303692*11*1~
CAS*CO*197*630.00*1~
NM1*QC*1*Hill*Stephanie****MI*PLN37566389~
NM1*82*1*Scott*David****XX*1000000102~
DTM*232*20251010~
DTM*233*20251011~
SVC*HC:99215*630.00*0.00**3~
DTM*472*20251010~
CAS*CO*197*630.00*3~
REF*6R*LNCLM000010100~
AMT*B6*0.00~
LQ*HE*N386~
CLP*CLM0000102*4*95.00*0.00*0.00*15*PCN879327067*11*1~
CAS*CO*197*95.00*1~
NM1*QC*1*Hernandez*Richard****MI*PLN82021609~
NM1*82*1*Scott*David****XX*1000000102~
DTM*232*20251129~
DTM*233*20251129~
SVC*HC:96372:76*50.00*0.00**2~
DTM*472*20251129~
CAS*CO*197*50.00*2~
REF*6R*LNCLM000010200~
AMT*B6*0.00~
LQ*HE*N386~
SVC*HC:71046:51*45.00*0.00**1~
DTM*472*20251129~
CAS*CO*197*45.00*1~
REF*6R*LNCLM000010201~
AMT*B6*0.00~
LQ*HE*N362~
SE*55*0103~
GE*1*102~
IEA*1*000000101~