ISA*00*          *00*          *ZZ*CMS            *ZZ*1000001102     *251230*2334*^*00501*000001101*0*P*:~
GS*HP*CMS*1000001102*20251230*2334*1102*X*005010X221A1~
ST*835*1103*005010X221A1~
BPR*I*124.75*C*ACH*CCP*01*101000019*DA*4567890123*CMS**01*122000247*DA*2345678901*20251230~
TRN*1*T000000001100*1521621845~
DTM*405*20251230~
N1*PR*Medicare Part B~
N3*7173 Hill St~
N4*Columbus*OH*43085~
REF*2U*CMS~
N1*PE*Williams John*XX*1000001102~
N3*2119 Sunset Blvd~
N4*Portland*OR*97201~
REF*TJ*131165467~
CLP*CLM0001100*4*90.00*0.00*0.00*MA*PCN130004617*11*1~
CAS*CO*16*90.00*1~
NM1*QC*1*Walker*Carol****MI*MEM78356039~
NM1*82*1*Williams*John****XX*1000001102~
DTM*232*20260205~
DTM*233*20260205~
SVC*HC:71046:TC*90.00*0.00**2~
DTM*472*20260205~
CAS*CO*16*90.00*2~
REF*6R*LNCLM000110000~
AMT*B6*0.00~
LQ*HE*N362~
CLP*CLM0001101*4*214.00*0.00*0.00*MA*PCN202641131*11*1~
CAS*CO*29*214.00*1~
NM1*QC*1*Green*Susan****MI*MEM40494985~
NM1*82*1*Williams*John****XX*1000001102~
DTM*232*20251130~
DTM*233*20251130~
SVC*HC:99203:51*130.00*0.00**1~
DTM*472*20251130~
CAS*CO*29*130.00*1~
REF*6R*LNCLM000110100~
AMT*B6*0.00~
LQ*HE*N95~
SVC*HC:99490:59*84.00*0.00**2~
DTM*472*20251130~
CAS*CO*29*84.00*2~
REF*6R*LNCLM000110101~
AMT*B6*0.00~
LQ*HE*M15~
CLP*CLM0001102*1*275.00*124.75*46.69*MA*PCN971938636*11*1~
CAS*CO*97*103.56*1~
CAS*PR*2*46.69*1~
NM1*QC*1*Brown*Kimberly****MI*INS74066933~
NM1*82*1*Williams*John****XX*1000001102~
DTM*232*20260127~
DTM*233*20260127~
SVC*HC:99205:59*275.00*124.75**1~
DTM*472*20260127~
CAS*CO*45*103.56*1~
CAS*PR*1*46.69*1~
REF*6R*LNCLM000110200~
AMT*B6*171.44~
LQ*HE*M15~
CLP*CLM0001103*4*590.00*0.00*0.00*MA*PCN572437842*11*1~
CAS*CO*4*590.00*1~
NM1*QC*1*King*Matthew****MI*MEM17018232~
NM1*82*1*Williams*John****XX*1000001102~
DTM*232*20251204~
DTM*233*20251204~
SVC*HC:99396:50*380.00*0.00**2~
DTM*472*20251204~
CAS*CO*4*380.00*2~
REF*6R*LNCLM000110300~
AMT*B6*0.00~
LQ*HE*M15~
SVC*HC:99215:51*210.00*0.00**1~
DTM*472*20251204~
CAS*CO*4*210.00*1~
REF*6R*LNCLM000110301~
AMT*B6*0.00~
LQ*HE*N362~
SE*75*1103~
GE*1*1102~
IEA*1*000001101~