ISA*00*          *00*          *ZZ*MDCD           *ZZ*1000000902     *260214*2334*^*00501*000000901*0*P*:~
GS*HP*MDCD*1000000902*20260214*2334*902*X*005010X221A1~
ST*835*0903*005010X221A1~
BPR*I*0.00*C*ACH*CCP*01*122000247*DA*0123456789*MDCD**01*101000019*DA*2345678901*20260214~
TRN*1*T000000000900*1776855036~
DTM*405*20260214~
N1*PR*Medicaid~
N3*4153 Lake Rd~
N4*Columbus*OH*43085~
REF*2U*MDCD~
N1*PE*Robinson Elizabeth*XX*1000000902~
N3*5287 Valley View Dr~
N4*Portland*OR*97201~
REF*TJ*933524341~
CLP*CLM0000900*4*950.00*0.00*0.00*MC*PCN467140254*11*1~
CAS*PI*185*950.00*1~
NM1*QC*1*Adams*Brian****MI*INS49441649~
NM1*82*1*Robinson*Elizabeth****XX*1000000902~
DTM*232*20251114~
DTM*233*20251115~
SVC*HC:99385:25*600.00*0.00**3~
DTM*472*20251114~
CAS*PI*185*600.00*3~
REF*6R*LNCLM000090000~
AMT*B6*0.00~
LQ*HE*M15~
SVC*HC:99395:76*350.00*0.00**2~
DTM*472*20251114~
CAS*PI*185*350.00*2~
REF*6R*LNCLM000090001~
AMT*B6*0.00~
LQ*HE*N362~
CLP*CLM0000901*4*25.00*0.00*0.00*MC*PCN215469227*11*1~
CAS*OA*109*25.00*1~
NM1*QC*1*Green*Deborah****MI*MEM76079871~
NM1*82*1*Robinson*Elizabeth****XX*1000000902~
DTM*232*20250929~
DTM*233*20250930~
SVC*HC:96372*25.00*0.00**1~
DTM*472*20250929~
CAS*OA*109*25.00*1~
REF*6R*LNCLM000090100~
AMT*B6*0.00~
LQ*HE*N95~
PLB*482801527*20261231*WO*-381.87~
SE*44*0903~
GE*1*902~
IEA*1*000000901~