ISA*00*          *00*          *ZZ*62308          *ZZ*1000000002     *260120*2334*^*00501*000000001*0*P*:~
GS*HP*62308*1000000002*20260120*2334*2*X*005010X221A1~
ST*835*0003*005010X221A1~
BPR*I*0.00*C*ACH*CCP*01*122000247*DA*1234567890*62308**01*081000032*DA*8901234567*20260120~
TRN*1*T000000000000*1958043599~
DTM*405*20260120~
N1*PR*Cigna~
N3*8304 Park Dr~
N4*Jacksonville*FL*32099~
REF*2U*62308~
N1*PE*Kim James*XX*1000000002~
N3*4357 Cedar Ln~
N4*Phoenix*AZ*85001~
REF*TJ*513841692~
CLP*CLM0000000*4*25.00*0.00*0.00*12*PCN823712501*11*1~
CAS*CO*16*25.00*1~
NM1*QC*1*Wright*Joshua****MI*PLN85005164~
NM1*82*1*Kim*James****XX*1000000002~
DTM*232*20250904~
DTM*233*20250905~
SVC*HC:96372:25*25.00*0.00**1~
DTM*472*20250904~
CAS*CO*16*25.00*1~
REF*6R*LNCLM000000000~
AMT*B6*0.00~
LQ*HE*N479~
CLP*CLM0000001*4*650.00*0.00*0.00*12*PCN407064221*11*1~
CAS*CO*16*650.00*1~
NM1*QC*1*Walker*Mark****MI*INS81715696~
NM1*82*1*Kim*James****XX*1000000002~
DTM*232*20251012~
DTM*233*20251013~
SVC*HC:G0439:50*360.00*0.00**3~
DTM*472*20251012~
CAS*CO*16*360.00*3~
REF*6R*LNCLM000000100~
AMT*B6*0.00~
LQ*HE*MA130~
SVC*HC:99214:59*290.00*0.00**2~
DTM*472*20251012~
CAS*CO*16*290.00*2~
REF*6R*LNCLM000000101~
AMT*B6*0.00~
LQ*HE*N95~
CLP*CLM0000002*4*885.00*0.00*0.00*12*PCN346222143*11*1~
CAS*CO*16*885.00*1~
NM1*QC*1*Martin*Stephanie****MI*PLN95255145~
NM1*82*1*Kim*James****XX*1000000002~
DTM*232*20260130~
DTM*233*20260130~
SVC*HC:99213:50*285.00*0.00**3~
DTM*472*20260130~
CAS*CO*16*285.00*3~
REF*6R*LNCLM000000200~
AMT*B6*0.00~
LQ*HE*N362~
SVC*HC:99385:51*600.00*0.00**3~
DTM*472*20260130~
CAS*CO*16*600.00*3~
REF*6R*LNCLM000000201~
AMT*B6*0.00~
LQ*HE*N95~
SE*61*0003~
GE*1*2~
IEA*1*000000001~