ISA*00*          *00*          *ZZ*BCBS1          *ZZ*1000000202     *260208*2334*^*00501*000000201*0*P*:~
GS*HP*BCBS1*1000000202*20260208*2334*202*X*005010X221A1~
ST*835*0203*005010X221A1~
BPR*I*0.00*C*ACH*CCP*01*081000032*DA*1234567890*BCBS1**01*081000032*DA*3456789012*20260208~
TRN*1*T000000000200*1195733344~
DTM*405*20260208~
N1*PR*Blue Cross Blue Shield~
N3*5918 College Ave~
N4*San Antonio*TX*78201~
REF*2U*BCBS1~
N1*PE*Walker Thomas*XX*1000000202~
N3*4193 Sunset Blvd~
N4*San Diego*CA*92101~
REF*TJ*457744622~
CLP*CLM0000200*4*126.00*0.00*0.00*13*PCN368283761*11*1~
CAS*CO*50*126.00*1~
NM1*QC*1*Young*Robert****MI*INS58520937~
NM1*82*1*Walker*Thomas****XX*1000000202~
DTM*232*20251022~
DTM*233*20251023~
SVC*HC:99490:77*126.00*0.00**3~
DTM*472*20251022~
CAS*CO*50*126.00*3~
REF*6R*LNCLM000020000~
AMT*B6*0.00~
LQ*HE*N362~
CLP*CLM0000201*4*775.00*0.00*0.00*13*PCN187201648*11*1~
CAS*CO*50*775.00*1~
NM1*QC*1*Baker*Mary****MI*MEM77374480~
NM1*82*1*Walker*Thomas****XX*1000000202~
DTM*232*20251101~
DTM*233*20251101~
SVC*HC:99214*145.00*0.00**1~
DTM*472*20251101~
CAS*CO*50*145.00*1~
REF*6R*LNCLM000020100~
AMT*B6*0.00~
LQ*HE*M15~
SVC*HC:99215*630.00*0.00**3~
DTM*472*20251101~
CAS*CO*50*630.00*3~
REF*6R*LNCLM000020101~
AMT*B6*0.00~
LQ*HE*N95~
CLP*CLM0000202*4*344.00*0.00*0.00*13*PCN723260257*11*1~
CAS*CO*50*344.00*1~
NM1*QC*1*Lopez*Jessica****MI*MEM80029293~
NM1*82*1*Walker*Thomas****XX*1000000202~
DTM*232*20250831~
DTM*233*20250901~
SVC*HC:99203:LT*260.00*0.00**2~
DTM*472*20250831~
CAS*CO*50*260.00*2~
REF*6R*LNCLM000020200~
AMT*B6*0.00~
LQ*HE*M15~
SVC*HC:99490:TC*84.00*0.00**2~
DTM*472*20250831~
CAS*CO*50*84.00*2~
REF*6R*LNCLM000020201~
AMT*B6*0.00~
LQ*HE*N479~
SE*61*0203~
GE*1*202~
IEA*1*000000201~