ISA*00*          *00*          *ZZ*61101          *ZZ*1000000502     *260129*2334*^*00501*000000501*0*P*:~
GS*HP*61101*1000000502*20260129*2334*502*X*005010X221A1~
ST*835*0503*005010X221A1~
BPR*I*473.62*C*ACH*CCP*01*111000025*DA*5678901234*61101**01*081000032*DA*7890123456*20260129~
TRN*1*T000000000500*1520511338~
DTM*405*20260129~
N1*PR*Humana~
N3*7536 Washington Ave~
N4*Seattle*WA*98101~
REF*2U*61101~
N1*PE*Thompson Stephen*XX*1000000502~
N3*1089 River Rd~
N4*New York*NY*10001~
REF*TJ*613302953~
CLP*CLM0000500*1*290.00*195.62*47.25*13*PCN524835064*11*1~
CAS*CO*97*47.13*1~
CAS*PR*2*47.25*1~
NM1*QC*1*Thompson*David****MI*PLN27356202~
NM1*82*1*Thompson*Stephen****XX*1000000502~
DTM*232*20260103~
DTM*233*20260104~
SVC*HC:99214*290.00*195.62**2~
DTM*472*20260103~
CAS*CO*97*47.13*2~
CAS*PR*1*47.25*2~
REF*6R*LNCLM000050000~
AMT*B6*242.87~
LQ*HE*N479~
CLP*CLM0000501*1*300.00*175.13*60.04*13*PCN438886272*11*1~
CAS*CO*45*64.83*1~
CAS*PR*3*60.04*1~
NM1*QC*1*Clark*Deborah****MI*PLN73193693~
NM1*82*1*Thompson*Stephen****XX*1000000502~
DTM*232*20260206~
DTM*233*20260207~
SVC*HC:99205:TC*275.00*160.53**1~
DTM*472*20260206~
CAS*CO*45*57.86*1~
CAS*PR*1*56.61*1~
REF*6R*LNCLM000050100~
AMT*B6*217.14~
LQ*HE*N479~
SVC*HC:96372:51*25.00*14.60**1~
DTM*472*20260206~
CAS*CO*45*6.97*1~
CAS*PR*1*3.43*1~
REF*6R*LNCLM000050101~
AMT*B6*18.03~
LQ*HE*N386~
CLP*CLM0000502*1*170.00*102.87*30.00*13*PCN592612780*11*1~
CAS*CO*45*37.13*1~
CAS*PR*3*30.00*1~
NM1*QC*1*Nelson*Melissa****MI*PLN75324719~
NM1*82*1*Thompson*Stephen****XX*1000000502~
DTM*232*20250909~
DTM*233*20250910~
SVC*HC:99214:51*145.00*90.56**1~
DTM*472*20250909~
CAS*CO*97*28.10*1~
CAS*PR*1*26.34*1~
REF*6R*LNCLM000050200~
AMT*B6*116.90~
LQ*HE*MA130~
SVC*HC:96372:26*25.00*12.31**1~
DTM*472*20250909~
CAS*CO*97*9.03*1~
CAS*PR*2*3.66*1~
REF*6R*LNCLM000050201~
AMT*B6*15.97~
LQ*HE*N95~
PLB*615962731*20261231*FB*-413.47~
SE*70*0503~
GE*1*502~
IEA*1*000000501~