ISA*00*          *00*          *ZZ*MDCD           *ZZ*1000000302     *260215*2334*^*00501*000000301*0*P*:~
GS*HP*MDCD*1000000302*20260215*2334*302*X*005010X221A1~
ST*835*0303*005010X221A1~
BPR*I*0.00*C*ACH*CCP*01*111000025*DA*2345678901*MDCD**01*091000019*DA*5678901234*20260215~
TRN*1*T000000000300*1358401474~
DTM*405*20260215~
N1*PR*Medicaid~
N3*4153 Lake Rd~
N4*Columbus*OH*43085~
REF*2U*MDCD~
N1*PE*Young Karen*XX*1000000302~
N3*8464 Maple Dr~
N4*Charlotte*NC*28201~
REF*TJ*666405789~
CLP*CLM0000300*4*185.00*0.00*0.00*MC*PCN570460822*11*1~
CAS*CO*29*185.00*1~
NM1*QC*1*Gonzalez*Thomas****MI*GRP48028790~
NM1*82*1*Young*Karen****XX*1000000302~
DTM*232*20251226~
DTM*233*20251227~
SVC*HC:71046:RT*135.00*0.00**3~
DTM*472*20251226~
CAS*CO*29*135.00*3~
REF*6R*LNCLM000030000~
AMT*B6*0.00~
LQ*HE*M15~
SVC*HC:96372:TC*50.00*0.00**2~
DTM*472*20251226~
CAS*CO*29*50.00*2~
REF*6R*LNCLM000030001~
AMT*B6*0.00~
LQ*HE*M15~
CLP*CLM0000301*4*285.00*0.00*0.00*MC*PCN577760448*11*1~
CAS*CO*27*285.00*1~
NM1*QC*1*Nelson*Joseph****MI*INS87358038~
NM1*82*1*Young*Karen****XX*1000000302~
DTM*232*20250828~
DTM*233*20250828~
SVC*HC:99213:RT*285.00*0.00**3~
DTM*472*20250828~
CAS*CO*27*285.00*3~
REF*6R*LNCLM000030100~
AMT*B6*0.00~
LQ*HE*N95~
CLP*CLM0000302*4*210.00*0.00*0.00*MC*PCN954948469*11*1~
CAS*CO*96*210.00*1~
NM1*QC*1*Rivera*Mary****MI*GRP52754047~
NM1*82*1*Young*Karen****XX*1000000302~
DTM*232*20251227~
DTM*233*20251227~
SVC*HC:99215:TC*210.00*0.00**1~
DTM*472*20251227~
CAS*CO*96*210.00*1~
REF*6R*LNCLM000030200~
AMT*B6*0.00~
LQ*HE*N386~
PLB*576830921*20261231*L6*-153.15~
SE*56*0303~
GE*1*302~
IEA*1*000000301~