ISA*00*          *00*          *ZZ*87726          *ZZ*1000000602     *260129*2334*^*00501*000000601*0*P*:~
GS*HP*87726*1000000602*20260129*2334*602*X*005010X221A1~
ST*835*0603*005010X221A1~
BPR*I*655.89*C*ACH*CCP*01*101000019*DA*7890123456*87726**01*074000078*DA*5678901234*20260129~
TRN*1*T000000000600*1775788830~
DTM*405*20260129~
N1*PR*UnitedHealthcare~
N3*497 Washington Ave~
N4*Nashville*TN*37201~
REF*2U*87726~
N1*PE*Garcia Thomas*XX*1000000602~
N3*7220 Church St~
N4*San Diego*CA*92101~
REF*TJ*702440007~
CLP*CLM0000600*1*275.00*146.48*44.28*12*PCN645070693*11*1~
CAS*CO*97*84.24*1~
CAS*PR*3*44.28*1~
NM1*QC*1*Torres*Andrew****MI*MEM98797112~
NM1*82*1*Garcia*Thomas****XX*1000000602~
DTM*232*20251228~
DTM*233*20251229~
SVC*HC:99205:51*275.00*146.48**1~
DTM*472*20251228~
CAS*CO*45*84.24*1~
CAS*PR*1*44.28*1~
REF*6R*LNCLM000060000~
AMT*B6*190.76~
LQ*HE*MA130~
CLP*CLM0000601*1*385.00*226.06*58.24*12*PCN235795838*11*1~
CAS*CO*45*100.70*1~
CAS*PR*1*58.24*1~
NM1*QC*1*Martin*Margaret****MI*GRP95357026~
NM1*82*1*Garcia*Thomas****XX*1000000602~
DTM*232*20251215~
DTM*233*20251215~
SVC*HC:99215:LT*210.00*146.27**1~
DTM*472*20251215~
CAS*CO*97*36.53*1~
CAS*PR*2*27.20*1~
REF*6R*LNCLM000060100~
AMT*B6*173.47~
LQ*HE*N95~
SVC*HC:99395:26*175.00*79.79**1~
DTM*472*20251215~
CAS*CO*45*64.17*1~
CAS*PR*1*31.04*1~
REF*6R*LNCLM000060101~
AMT*B6*110.83~
LQ*HE*N386~
CLP*CLM0000602*1*400.00*283.35*36.94*12*PCN797179869*11*1~
CAS*CO*45*79.71*1~
CAS*PR*3*36.94*1~
NM1*QC*1*Moore*Sandra****MI*PLN98261254~
NM1*82*1*Garcia*Thomas****XX*1000000602~
DTM*232*20251003~
DTM*233*20251003~
SVC*HC:99385:25*400.00*283.35**2~
DTM*472*20251003~
CAS*CO*45*79.71*2~
CAS*PR*3*36.94*2~
REF*6R*LNCLM000060200~
AMT*B6*320.29~
LQ*HE*MA130~
SE*62*0603~
GE*1*602~
IEA*1*000000601~