ISA*00*          *00*          *ZZ*91051          *ZZ*1000000402     *260119*2334*^*00501*000000401*0*P*:~
GS*HP*91051*1000000402*20260119*2334*402*X*005010X221A1~
ST*835*0403*005010X221A1~
BPR*I*0.00*C*ACH*CCP*01*021202337*DA*5678901234*91051**01*021000021*DA*6789012345*20260119~
TRN*1*T000000000400*1762144998~
DTM*405*20260119~
N1*PR*Kaiser Permanente~
N3*723 Park Dr~
N4*Chicago*IL*60601~
REF*2U*91051~
N1*PE*Nguyen Daniel*XX*1000000402~
N3*6071 Lake Rd~
N4*New York*NY*10001~
REF*TJ*612603774~
CLP*CLM0000400*4*550.00*0.00*0.00*13*PCN938988638*11*1~
CAS*CO*27*550.00*1~
NM1*QC*1*Perez*Kenneth****MI*GRP70202597~
NM1*82*1*Nguyen*Daniel****XX*1000000402~
DTM*232*20260130~
DTM*233*20260130~
SVC*HC:99205:77*550.00*0.00**2~
DTM*472*20260130~
CAS*CO*27*550.00*2~
REF*6R*LNCLM000040000~
AMT*B6*0.00~
LQ*HE*MA130~
CLP*CLM0000401*4*145.00*0.00*0.00*13*PCN975654659*11*1~
CAS*CO*96*145.00*1~
NM1*QC*1*Martin*Brian****MI*GRP57270101~
NM1*82*1*Nguyen*Daniel****XX*1000000402~
DTM*232*20251129~
DTM*233*20251129~
SVC*HC:99214:26*145.00*0.00**1~
DTM*472*20251129~
CAS*CO*96*145.00*1~
REF*6R*LNCLM000040100~
AMT*B6*0.00~
LQ*HE*N95~
SE*37*0403~
GE*1*402~
IEA*1*000000401~