ISA*00*          *00*          *ZZ*60054          *ZZ*1000001002     *251218*2334*^*00501*000001001*0*P*:~
GS*HP*60054*1000001002*20251218*2334*1002*X*005010X221A1~
ST*835*1003*005010X221A1~
BPR*I*0.00*C*ACH*CCP*01*122000247*DA*4567890123*60054**01*111000025*DA*2345678901*20251218~
TRN*1*T000000001000*1823051579~
DTM*405*20251218~
N1*PR*Aetna~
N3*8087 Forest Dr~
N4*Indianapolis*IN*46201~
REF*2U*60054~
N1*PE*Scott Stephen*XX*1000001002~
N3*503 Sunset Blvd~
N4*Houston*TX*77001~
REF*TJ*614014069~
CLP*CLM0001000*4*825.00*0.00*0.00*12*PCN596229996*11*1~
CAS*OA*109*825.00*1~
NM1*QC*1*White*Kimberly****MI*MEM84912033~
NM1*82*1*Scott*Stephen****XX*1000001002~
DTM*232*20251010~
DTM*233*20251011~
SVC*HC:99205:77*825.00*0.00**3~
DTM*472*20251010~
CAS*OA*109*825.00*3~
REF*6R*LNCLM000100000~
AMT*B6*0.00~
LQ*HE*N479~
CLP*CLM0001001*4*200.00*0.00*0.00*12*PCN188455461*11*1~
CAS*OA*31*200.00*1~
NM1*QC*1*Garcia*Andrew****MI*INS75317394~
NM1*82*1*Scott*Stephen****XX*1000001002~
DTM*232*20251116~
DTM*233*20251116~
SVC*HC:99385*200.00*0.00**1~
DTM*472*20251116~
CAS*OA*31*200.00*1~
REF*6R*LNCLM000100100~
AMT*B6*0.00~
LQ*HE*N362~
CLP*CLM0001002*4*75.00*0.00*0.00*12*PCN196803846*11*1~
CAS*PI*185*75.00*1~
NM1*QC*1*Green*Cynthia****MI*INS69709693~
NM1*82*1*Scott*Stephen****XX*1000001002~
DTM*232*20260202~
DTM*233*20260203~
SVC*HC:96372:77*75.00*0.00**3~
DTM*472*20260202~
CAS*PI*185*75.00*3~
REF*6R*LNCLM000100200~
AMT*B6*0.00~
LQ*HE*M15~
PLB*789439239*20251231*CS*-430.26~
SE*50*1003~
GE*1*1002~
IEA*1*000001001~