ISA*00*          *00*          *ZZ*61101          *ZZ*1000000702     *260213*2334*^*00501*000000701*0*P*:~
GS*HP*61101*1000000702*20260213*2334*702*X*005010X221A1~
ST*835*0703*005010X221A1~
BPR*I*0.00*C*ACH*CCP*01*081000032*DA*9012345678*61101**01*101000019*DA*4567890123*20260213~
TRN*1*T000000000700*1346245600~
DTM*405*20260213~
N1*PR*Humana~
N3*7536 Washington Ave~
N4*Seattle*WA*98101~
REF*2U*61101~
N1*PE*Williams William*XX*1000000702~
N3*307 Washington Ave~
N4*Phoenix*AZ*85001~
REF*TJ*668739453~
CLP*CLM0000700*4*175.00*0.00*0.00*13*PCN903059436*11*1~
CAS*CO*11*175.00*1~
NM1*QC*1*Martinez*Daniel****MI*PLN62171682~
NM1*82*1*Williams*William****XX*1000000702~
DTM*232*20251206~
DTM*233*20251206~
SVC*HC:G0438:51*175.00*0.00**1~
DTM*472*20251206~
CAS*CO*11*175.00*1~
REF*6R*LNCLM000070000~
AMT*B6*0.00~
LQ*HE*N386~
CLP*CLM0000701*4*120.00*0.00*0.00*13*PCN161196429*11*1~
CAS*CO*167*120.00*1~
NM1*QC*1*Scott*Carol****MI*PLN90534865~
NM1*82*1*Williams*William****XX*1000000702~
DTM*232*20251128~
DTM*233*20251129~
SVC*HC:G0439:LT*120.00*0.00**1~
DTM*472*20251128~
CAS*CO*167*120.00*1~
REF*6R*LNCLM000070100~
AMT*B6*0.00~
LQ*HE*N362~
CLP*CLM0000702*4*540.00*0.00*0.00*13*PCN690046614*11*1~
CAS*CO*4*540.00*1~
NM1*QC*1*Martinez*Brian****MI*INS40704489~
NM1*82*1*Williams*William****XX*1000000702~
DTM*232*20251202~
DTM*233*20251202~
SVC*HC:99395:25*350.00*0.00**2~
DTM*472*20251202~
CAS*CO*4*350.00*2~
REF*6R*LNCLM000070200~
AMT*B6*0.00~
LQ*HE*N362~
SVC*HC:99213:26*190.00*0.00**2~
DTM*472*20251202~
CAS*CO*4*190.00*2~
REF*6R*LNCLM000070201~
AMT*B6*0.00~
LQ*HE*M15~
SE*55*0703~
GE*1*702~
IEA*1*000000701~