ISA*00*          *00*          *ZZ*99726          *ZZ*1000000602     *260118*2334*^*00501*000100601*0*P*:~
GS*HP*99726*1000000602*20260118*2334*100602*X*005010X221A1~
ST*835*100603*005010X221A1~
BPR*I*374.63*C*ACH*CCP*01*021000021*DA*9012345678*99726**01*091000019*DA*6789012345*20260118~
TRN*1*T000000100600*1422228167~
DTM*405*20260118~
N1*PR*Tricare~
N3*3978 Market St~
N4*Houston*TX*77001~
REF*2U*99726~
N1*PE*Martinez Daniel*XX*1000000602~
N3*2257 College Ave~
N4*San Jose*CA*95101~
REF*TJ*141899006~
CLP*CLM1000600*1*460.00*226.56*62.89*15*PCN752683669*11*1~
CAS*CO*45*170.55*1~
CAS*PR*2*62.89*1~
NM1*QC*1*White*Cynthia****MI*GRP44906078~
NM1*82*1*Martinez*Daniel****XX*1000000602~
DTM*232*20251117~
DTM*233*20251117~
SVC*HC:17110:LT*200.00*93.51**2~
DTM*472*20251117~
CAS*CO*45*67.70*2~
CAS*PR*1*38.79*2~
REF*6R*LNCLM100060000~
AMT*B6*132.30~
LQ*HE*N386~
SVC*HC:99203:77*260.00*133.05**2~
DTM*472*20251117~
CAS*CO*97*102.85*2~
CAS*PR*2*24.10*2~
REF*6R*LNCLM100060001~
AMT*B6*157.15~
LQ*HE*MA130~
CLP*CLM1000601*1*200.00*148.07*17.37*15*PCN249974827*11*1~
CAS*CO*45*34.56*1~
CAS*PR*1*17.37*1~
NM1*QC*1*Allen*Jeffrey****MI*INS94869518~
NM1*82*1*Martinez*Daniel****XX*1000000602~
DTM*232*20250924~
DTM*233*20250925~
SVC*HC:96920:51*200.00*148.07**1~
DTM*472*20250924~
CAS*CO*45*34.56*1~
CAS*PR*2*17.37*1~
REF*6R*LNCLM100060100~
AMT*B6*165.44~
LQ*HE*N479~
SE*48*100603~
GE*1*100602~
IEA*1*000100601~