ISA*00*          *00*          *ZZ*87726          *ZZ*1000000502     *260207*2334*^*00501*000100501*0*P*:~
GS*HP*87726*1000000502*20260207*2334*100502*X*005010X221A1~
ST*835*100503*005010X221A1~
BPR*I*758.73*C*ACH*CCP*01*081000032*DA*2345678901*87726**01*021202337*DA*5678901234*20260207~
TRN*1*T000000100500*1565219734~
DTM*405*20260207~
N1*PR*UnitedHealthcare~
N3*497 Washington Ave~
N4*Nashville*TN*37201~
REF*2U*87726~
N1*PE*Anderson Sarah*XX*1000000502~
N3*6663 Highland Ave~
N4*Columbus*OH*43085~
REF*TJ*525663699~
CLP*CLM1000500*1*385.00*204.86*35.11*12*PCN796763124*11*1~
CAS*CO*97*145.03*1~
CAS*PR*1*35.11*1~
NM1*QC*1*Lee*Timothy****MI*INS18948692~
NM1*82*1*Anderson*Sarah****XX*1000000502~
DTM*232*20260107~
DTM*233*20260107~
SVC*HC:99203*260.00*144.90**2~
DTM*472*20260107~
CAS*CO*97*95.37*2~
CAS*PR*3*19.73*2~
REF*6R*LNCLM100050000~
AMT*B6*164.63~
LQ*HE*M15~
SVC*HC:11102:LT*125.00*59.96**1~
DTM*472*20260107~
CAS*CO*45*49.66*1~
CAS*PR*1*15.38*1~
REF*6R*LNCLM100050001~
AMT*B6*75.34~
LQ*HE*MA130~
CLP*CLM1000501*1*490.00*295.58*72.26*12*PCN672113956*11*1~
CAS*CO*97*122.16*1~
CAS*PR*1*72.26*1~
NM1*QC*1*Nelson*Sharon****MI*INS32425597~
NM1*82*1*Anderson*Sarah****XX*1000000502~
DTM*232*20260108~
DTM*233*20260109~
SVC*HC:99214:LT*290.00*180.40**2~
DTM*472*20260108~
CAS*CO*97*73.71*2~
CAS*PR*2*35.89*2~
REF*6R*LNCLM100050100~
AMT*B6*216.29~
LQ*HE*M15~
SVC*HC:17110:50*200.00*115.18**2~
DTM*472*20260108~
CAS*CO*97*48.45*2~
CAS*PR*3*36.37*2~
REF*6R*LNCLM100050101~
AMT*B6*151.55~
LQ*HE*N479~
CLP*CLM1000502*1*480.00*258.29*68.52*12*PCN225924459*11*1~
CAS*CO*45*153.19*1~
CAS*PR*3*68.52*1~
NM1*QC*1*Clark*Cynthia****MI*GRP97816036~
NM1*82*1*Anderson*Sarah****XX*1000000502~
DTM*232*20250903~
DTM*233*20250903~
SVC*HC:99214*290.00*162.43**2~
DTM*472*20250903~
CAS*CO*97*86.96*2~
CAS*PR*3*40.61*2~
REF*6R*LNCLM100050200~
AMT*B6*203.04~
LQ*HE*N386~
SVC*HC:99213:25*190.00*95.86**2~
DTM*472*20250903~
CAS*CO*97*66.23*2~
CAS*PR*3*27.91*2~
REF*6R*LNCLM100050201~
AMT*B6*123.77~
LQ*HE*N362~
PLB*412354925*20261231*FB*-53.12~
SE*77*100503~
GE*1*100502~
IEA*1*000100501~