ISA*00*          *00*          *ZZ*61101          *ZZ*1000000002     *260103*2334*^*00501*000100001*0*P*:~
GS*HP*61101*1000000002*20260103*2334*100002*X*005010X221A1~
ST*835*100003*005010X221A1~
BPR*I*0.00*C*ACH*CCP*01*111000025*DA*0123456789*61101**01*111000025*DA*8901234567*20260103~
TRN*1*T000000100000*1653655061~
DTM*405*20260103~
N1*PR*Humana~
N3*7536 Washington Ave~
N4*Seattle*WA*98101~
REF*2U*61101~
N1*PE*Anderson Angela*XX*1000000002~
N3*5982 Park Dr~
N4*Los Angeles*CA*90001~
REF*TJ*427292352~
CLP*CLM1000000*4*400.00*0.00*0.00*13*PCN485494543*11*1~
CAS*CO*16*400.00*1~
NM1*QC*1*Flores*Michelle****MI*MEM25235407~
NM1*82*1*Anderson*Angela****XX*1000000002~
DTM*232*20250901~
DTM*233*20250902~
SVC*HC:96920:TC*400.00*0.00**2~
DTM*472*20250901~
CAS*CO*16*400.00*2~
REF*6R*LNCLM100000000~
AMT*B6*0.00~
LQ*HE*N362~
CLP*CLM1000001*4*200.00*0.00*0.00*13*PCN627255829*11*1~
CAS*CO*16*200.00*1~
NM1*QC*1*Davis*Kimberly****MI*PLN17214344~
NM1*82*1*Anderson*Angela****XX*1000000002~
DTM*232*20260130~
DTM*233*20260130~
SVC*HC:96920*200.00*0.00**1~
DTM*472*20260130~
CAS*CO*16*200.00*1~
REF*6R*LNCLM100000100~
AMT*B6*0.00~
LQ*HE*N362~
SE*37*100003~
GE*1*100002~
IEA*1*000100001~