ISA*00*          *00*          *ZZ*CMS            *ZZ*1000001102     *260219*2334*^*00501*000101101*0*P*:~
GS*HP*CMS*1000001102*20260219*2334*101102*X*005010X221A1~
ST*835*101103*005010X221A1~
BPR*I*327.54*C*ACH*CCP*01*026009593*DA*1234567890*CMS**01*021000021*DA*3456789012*20260219~
TRN*1*T000000101100*1786364183~
DTM*405*20260219~
N1*PR*Medicare Part B~
N3*7173 Hill St~
N4*Columbus*OH*43085~
REF*2U*CMS~
N1*PE*Williams Michael*XX*1000001102~
N3*4883 Park Dr~
N4*Fort Worth*TX*76101~
REF*TJ*527233910~
CLP*CLM1001100*4*695.00*0.00*0.00*MA*PCN456254921*11*1~
CAS*CO*16*695.00*1~
NM1*QC*1*Jones*Edward****MI*INS81412761~
NM1*82*1*Williams*Michael****XX*1000001102~
DTM*232*20251209~
DTM*233*20251210~
SVC*HC:99213:59*95.00*0.00**1~
DTM*472*20251209~
CAS*CO*16*95.00*1~
REF*6R*LNCLM100110000~
AMT*B6*0.00~
LQ*HE*N479~
SVC*HC:11400:RT*600.00*0.00**3~
DTM*472*20251209~
CAS*CO*16*600.00*3~
REF*6R*LNCLM100110001~
AMT*B6*0.00~
LQ*HE*N362~
CLP*CLM1001101*4*300.00*0.00*0.00*MA*PCN487163249*11*1~
CAS*CO*29*300.00*1~
NM1*QC*1*Brown*Kevin****MI*MEM62301970~
NM1*82*1*Williams*Michael****XX*1000001102~
DTM*232*20251108~
DTM*233*20251109~
SVC*HC:17110:76*300.00*0.00**3~
DTM*472*20251108~
CAS*CO*29*300.00*3~
REF*6R*LNCLM100110100~
AMT*B6*0.00~
LQ*HE*N386~
CLP*CLM1001102*1*650.00*327.54*62.58*MA*PCN336320303*11*1~
CAS*CO*45*259.88*1~
CAS*PR*1*62.58*1~
NM1*QC*1*Lewis*Michelle****MI*PLN43713805~
NM1*82*1*Williams*Michael****XX*1000001102~
DTM*232*20251204~
DTM*233*20251204~
SVC*HC:11640:26*650.00*327.54**2~
DTM*472*20251204~
CAS*CO*45*259.88*2~
CAS*PR*3*62.58*2~
REF*6R*LNCLM100110200~
AMT*B6*390.12~
LQ*HE*N362~
CLP*CLM1001103*4*275.00*0.00*0.00*MA*PCN410700511*11*1~
CAS*CO*4*275.00*1~
NM1*QC*1*Perez*Karen****MI*MEM96946845~
NM1*82*1*Williams*Michael****XX*1000001102~
DTM*232*20260107~
DTM*233*20260108~
SVC*HC:11600:76*275.00*0.00**1~
DTM*472*20260107~
CAS*CO*4*275.00*1~
REF*6R*LNCLM100110300~
AMT*B6*0.00~
LQ*HE*N479~
PLB*163770337*20261231*WO*-485.78~
SE*70*101103~
GE*1*101102~
IEA*1*000101101~