ISA*00*          *00*          *ZZ*62308          *ZZ*1000000302     *251223*2334*^*00501*000100301*0*P*:~
GS*HP*62308*1000000302*20251223*2334*100302*X*005010X221A1~
ST*835*100303*005010X221A1~
BPR*I*0.00*C*ACH*CCP*01*091000019*DA*8901234567*62308**01*026009593*DA*8901234567*20251223~
TRN*1*T000000100300*1128632433~
DTM*405*20251223~
N1*PR*Cigna~
N3*8304 Park Dr~
N4*Jacksonville*FL*32099~
REF*2U*62308~
N1*PE*Martinez Karen*XX*1000000302~
N3*9362 Main St~
N4*Indianapolis*IN*46201~
REF*TJ*531037726~
CLP*CLM1000300*4*950.00*0.00*0.00*12*PCN463923522*11*1~
CAS*CO*29*950.00*1~
NM1*QC*1*Martin*Karen****MI*MEM42524523~
NM1*82*1*Martinez*Karen****XX*1000000302~
DTM*232*20251128~
DTM*233*20251129~
SVC*HC:11600:50*550.00*0.00**2~
DTM*472*20251128~
CAS*CO*29*550.00*2~
REF*6R*LNCLM100030000~
AMT*B6*0.00~
LQ*HE*N362~
SVC*HC:11400:26*400.00*0.00**2~
DTM*472*20251128~
CAS*CO*29*400.00*2~
REF*6R*LNCLM100030001~
AMT*B6*0.00~
LQ*HE*N386~
CLP*CLM1000301*4*435.00*0.00*0.00*12*PCN913156747*11*1~
CAS*CO*27*435.00*1~
NM1*QC*1*Jones*Steven****MI*GRP51493478~
NM1*82*1*Martinez*Karen****XX*1000000302~
DTM*232*20251015~
DTM*233*20251016~
SVC*HC:99214:51*435.00*0.00**3~
DTM*472*20251015~
CAS*CO*27*435.00*3~
REF*6R*LNCLM100030100~
AMT*B6*0.00~
LQ*HE*MA130~
CLP*CLM1000302*4*145.00*0.00*0.00*12*PCN724801779*11*1~
CAS*CO*96*145.00*1~
NM1*QC*1*Scott*Steven****MI*MEM58574552~
NM1*82*1*Martinez*Karen****XX*1000000302~
DTM*232*20251010~
DTM*233*20251010~
SVC*HC:99214:76*145.00*0.00**1~
DTM*472*20251010~
CAS*CO*96*145.00*1~
REF*6R*LNCLM100030200~
AMT*B6*0.00~
LQ*HE*N386~
SE*55*100303~
GE*1*100302~
IEA*1*000100301~