ISA*00*          *00*          *ZZ*99726          *ZZ*1000001002     *260207*2334*^*00501*000101001*0*P*:~
GS*HP*99726*1000001002*20260207*2334*101002*X*005010X221A1~
ST*835*101003*005010X221A1~
BPR*I*0.00*C*ACH*CCP*01*101000019*DA*1234567890*99726**01*026009593*DA*6789012345*20260207~
TRN*1*T000000101000*1601412556~
DTM*405*20260207~
N1*PR*Tricare~
N3*3978 Market St~
N4*Houston*TX*77001~
REF*2U*99726~
N1*PE*Williams William*XX*1000001002~
N3*9092 Valley View Dr~
N4*Los Angeles*CA*90001~
REF*TJ*157839898~
CLP*CLM1001000*4*400.00*0.00*0.00*15*PCN555027190*11*1~
CAS*OA*109*400.00*1~
NM1*QC*1*Torres*William****MI*PLN64482809~
NM1*82*1*Williams*William****XX*1000001002~
DTM*232*20260205~
DTM*233*20260206~
SVC*HC:11400:LT*400.00*0.00**2~
DTM*472*20260205~
CAS*OA*109*400.00*2~
REF*6R*LNCLM100100000~
AMT*B6*0.00~
LQ*HE*N362~
CLP*CLM1001001*4*150.00*0.00*0.00*15*PCN620054058*11*1~
CAS*OA*31*150.00*1~
NM1*QC*1*Brown*Rebecca****MI*MEM43915115~
NM1*82*1*Williams*William****XX*1000001002~
DTM*232*20251218~
DTM*233*20251218~
SVC*HC:11104:25*150.00*0.00**1~
DTM*472*20251218~
CAS*OA*31*150.00*1~
REF*6R*LNCLM100100100~
AMT*B6*0.00~
LQ*HE*MA130~
CLP*CLM1001002*4*125.00*0.00*0.00*15*PCN759515377*11*1~
CAS*PI*185*125.00*1~
NM1*QC*1*Robinson*Jacob****MI*INS80908017~
NM1*82*1*Williams*William****XX*1000001002~
DTM*232*20251218~
DTM*233*20251219~
SVC*HC:96910*125.00*0.00**1~
DTM*472*20251218~
CAS*PI*185*125.00*1~
REF*6R*LNCLM100100200~
AMT*B6*0.00~
LQ*HE*M15~
PLB*254744902*20261231*L6*-221.54~
SE*50*101003~
GE*1*101002~
IEA*1*000101001~