ISA*00*          *00*          *ZZ*87726          *ZZ*1000000802     *251202*2334*^*00501*000100801*0*P*:~
GS*HP*87726*1000000802*20251202*2334*100802*X*005010X221A1~
ST*835*100803*005010X221A1~
BPR*I*0.00*C*ACH*CCP*01*122000247*DA*3456789012*87726**01*081000032*DA*7890123456*20251202~
TRN*1*T000000100800*1641819679~
DTM*405*20251202~
N1*PR*UnitedHealthcare~
N3*497 Washington Ave~
N4*Nashville*TN*37201~
REF*2U*87726~
N1*PE*Lewis Robert*XX*1000000802~
N3*3011 Meadow Ln~
N4*Philadelphia*PA*19101~
REF*TJ*697978985~
CLP*CLM1000800*4*250.00*0.00*0.00*12*PCN685790843*11*1~
CAS*CO*167*250.00*1~
NM1*QC*1*Young*Christopher****MI*GRP68944255~
NM1*82*1*Lewis*Robert****XX*1000000802~
DTM*232*20251023~
DTM*233*20251023~
SVC*HC:96910:26*250.00*0.00**2~
DTM*472*20251023~
CAS*CO*167*250.00*2~
REF*6R*LNCLM100080000~
AMT*B6*0.00~
LQ*HE*N95~
CLP*CLM1000801*4*665.00*0.00*0.00*12*PCN563534628*11*1~
CAS*CO*4*665.00*1~
NM1*QC*1*Harris*Ronald****MI*GRP29826394~
NM1*82*1*Lewis*Robert****XX*1000000802~
DTM*232*20251220~
DTM*233*20251221~
SVC*HC:11600:77*275.00*0.00**1~
DTM*472*20251220~
CAS*CO*4*275.00*1~
REF*6R*LNCLM100080100~
AMT*B6*0.00~
LQ*HE*N479~
SVC*HC:99203:77*390.00*0.00**3~
DTM*472*20251220~
CAS*CO*4*390.00*3~
REF*6R*LNCLM100080101~
AMT*B6*0.00~
LQ*HE*N386~
SE*43*100803~
GE*1*100802~
IEA*1*000100801~