ISA*00*          *00*          *ZZ*60054          *ZZ*1000000402     *260130*2334*^*00501*000100401*0*P*:~
GS*HP*60054*1000000402*20260130*2334*100402*X*005010X221A1~
ST*835*100403*005010X221A1~
BPR*I*0.00*C*ACH*CCP*01*071000013*DA*4567890123*60054**01*021000021*DA*2345678901*20260130~
TRN*1*T000000100400*1257763545~
DTM*405*20260130~
N1*PR*Aetna~
N3*8087 Forest Dr~
N4*Indianapolis*IN*46201~
REF*2U*60054~
N1*PE*Walker James*XX*1000000402~
N3*5153 College Ave~
N4*Indianapolis*IN*46201~
REF*TJ*135841483~
CLP*CLM1000400*4*1750.00*0.00*0.00*12*PCN409854969*11*1~
CAS*CO*27*1750.00*1~
NM1*QC*1*Flores*Anthony****MI*MEM27747480~
NM1*82*1*Walker*James****XX*1000000402~
DTM*232*20251215~
DTM*233*20251216~
SVC*HC:11102:76*250.00*0.00**2~
DTM*472*20251215~
CAS*CO*27*250.00*2~
REF*6R*LNCLM100040000~
AMT*B6*0.00~
LQ*HE*N95~
SVC*HC:17311:77*1500.00*0.00**2~
DTM*472*20251215~
CAS*CO*27*1500.00*2~
REF*6R*LNCLM100040001~
AMT*B6*0.00~
LQ*HE*MA130~
CLP*CLM1000401*4*200.00*0.00*0.00*12*PCN768968445*11*1~
CAS*CO*96*200.00*1~
NM1*QC*1*Smith*Jessica****MI*INS11576144~
NM1*82*1*Walker*James****XX*1000000402~
DTM*232*20251011~
DTM*233*20251012~
SVC*HC:96920:RT*200.00*0.00**1~
DTM*472*20251011~
CAS*CO*96*200.00*1~
REF*6R*LNCLM100040100~
AMT*B6*0.00~
LQ*HE*N479~
PLB*432137072*20261231*CS*-184.63~
SE*44*100403~
GE*1*100402~
IEA*1*000100401~