ISA*00*          *00*          *ZZ*62308          *ZZ*1000000702     *251228*2334*^*00501*000100701*0*P*:~
GS*HP*62308*1000000702*20251228*2334*100702*X*005010X221A1~
ST*835*100703*005010X221A1~
BPR*I*0.00*C*ACH*CCP*01*081000032*DA*9012345678*62308**01*081000032*DA*9012345678*20251228~
TRN*1*T000000100700*1226003549~
DTM*405*20251228~
N1*PR*Cigna~
N3*8304 Park Dr~
N4*Jacksonville*FL*32099~
REF*2U*62308~
N1*PE*Nguyen Rebecca*XX*1000000702~
N3*6775 Hill St~
N4*Los Angeles*CA*90001~
REF*TJ*884166757~
CLP*CLM1000700*4*600.00*0.00*0.00*12*PCN410034648*11*1~
CAS*CO*11*600.00*1~
NM1*QC*1*Thompson*Margaret****MI*PLN17099645~
NM1*82*1*Nguyen*Rebecca****XX*1000000702~
DTM*232*20260101~
DTM*233*20260101~
SVC*HC:11400:LT*600.00*0.00**3~
DTM*472*20260101~
CAS*CO*11*600.00*3~
REF*6R*LNCLM100070000~
AMT*B6*0.00~
LQ*HE*M15~
CLP*CLM1000701*4*125.00*0.00*0.00*12*PCN331926915*11*1~
CAS*CO*167*125.00*1~
NM1*QC*1*Wright*Sharon****MI*INS73144925~
NM1*82*1*Nguyen*Rebecca****XX*1000000702~
DTM*232*20251101~
DTM*233*20251102~
SVC*HC:96910:51*125.00*0.00**1~
DTM*472*20251101~
CAS*CO*167*125.00*1~
REF*6R*LNCLM100070100~
AMT*B6*0.00~
LQ*HE*N479~
SE*37*100703~
GE*1*100702~
IEA*1*000100701~