ISA*00*          *00*          *ZZ*99726          *ZZ*1000000202     *260105*2334*^*00501*000100201*0*P*:~
GS*HP*99726*1000000202*20260105*2334*100202*X*005010X221A1~
ST*835*100203*005010X221A1~
BPR*I*0.00*C*ACH*CCP*01*091000019*DA*7890123456*99726**01*074000078*DA*4567890123*20260105~
TRN*1*T000000100200*1168680592~
DTM*405*20260105~
N1*PR*Tricare~
N3*3978 Market St~
N4*Houston*TX*77001~
REF*2U*99726~
N1*PE*Anderson Patricia*XX*1000000202~
N3*9793 Spring Ln~
N4*Seattle*WA*98101~
REF*TJ*326831269~
CLP*CLM1000200*4*585.00*0.00*0.00*15*PCN473201226*11*1~
CAS*CO*50*585.00*1~
NM1*QC*1*Jackson*Michelle****MI*PLN89195638~
NM1*82*1*Anderson*Patricia****XX*1000000202~
DTM*232*20251113~
DTM*233*20251113~
SVC*HC:11104:77*300.00*0.00**2~
DTM*472*20251113~
CAS*CO*50*300.00*2~
REF*6R*LNCLM100020000~
AMT*B6*0.00~
LQ*HE*MA130~
SVC*HC:99213:LT*285.00*0.00**3~
DTM*472*20251113~
CAS*CO*50*285.00*3~
REF*6R*LNCLM100020001~
AMT*B6*0.00~
LQ*HE*M15~
CLP*CLM1000201*4*125.00*0.00*0.00*15*PCN811425499*11*1~
CAS*CO*50*125.00*1~
NM1*QC*1*Martin*Mark****MI*MEM36542061~
NM1*82*1*Anderson*Patricia****XX*1000000202~
DTM*232*20251005~
DTM*233*20251006~
SVC*HC:96910:LT*125.00*0.00**1~
DTM*472*20251005~
CAS*CO*50*125.00*1~
REF*6R*LNCLM100020100~
AMT*B6*0.00~
LQ*HE*N95~
CLP*CLM1000202*4*75.00*0.00*0.00*15*PCN950358200*11*1~
CAS*CO*50*75.00*1~
NM1*QC*1*Moore*James****MI*MEM19329532~
NM1*82*1*Anderson*Patricia****XX*1000000202~
DTM*232*20250915~
DTM*233*20250915~
SVC*HC:17000:51*75.00*0.00**1~
DTM*472*20250915~
CAS*CO*50*75.00*1~
REF*6R*LNCLM100020200~
AMT*B6*0.00~
LQ*HE*M15~
SE*55*100203~
GE*1*100202~
IEA*1*000100201~