ISA*00*          *00*          *ZZ*CMS            *ZZ*1000000102     *260127*2334*^*00501*000100101*0*P*:~
GS*HP*CMS*1000000102*20260127*2334*100102*X*005010X221A1~
ST*835*100103*005010X221A1~
BPR*I*0.00*C*ACH*CCP*01*081000032*DA*1234567890*CMS**01*091000019*DA*3456789012*20260127~
TRN*1*T000000100100*1895640188~
DTM*405*20260127~
N1*PR*Medicare Part B~
N3*7173 Hill St~
N4*Columbus*OH*43085~
REF*2U*CMS~
N1*PE*Clark Robert*XX*1000000102~
N3*8581 Hill St~
N4*Fort Worth*TX*76101~
REF*TJ*993050856~
CLP*CLM1000100*4*1700.00*0.00*0.00*MA*PCN849462912*11*1~
CAS*CO*197*1700.00*1~
NM1*QC*1*Johnson*George****MI*MEM19729628~
NM1*82*1*Clark*Robert****XX*1000000102~
DTM*232*20251029~
DTM*233*20251030~
SVC*HC:96920:25*200.00*0.00**1~
DTM*472*20251029~
CAS*CO*197*200.00*1~
REF*6R*LNCLM100010000~
AMT*B6*0.00~
LQ*HE*M15~
SVC*HC:17311:TC*1500.00*0.00**2~
DTM*472*20251029~
CAS*CO*197*1500.00*2~
REF*6R*LNCLM100010001~
AMT*B6*0.00~
LQ*HE*MA130~
CLP*CLM1000101*4*360.00*0.00*0.00*MA*PCN531484400*11*1~
CAS*CO*197*360.00*1~
NM1*QC*1*Smith*Cynthia****MI*MEM94271777~
NM1*82*1*Clark*Robert****XX*1000000102~
DTM*232*20251011~
DTM*233*20251011~
SVC*HC:17000:TC*75.00*0.00**1~
DTM*472*20251011~
CAS*CO*197*75.00*1~
REF*6R*LNCLM100010100~
AMT*B6*0.00~
LQ*HE*N362~
SVC*HC:99213*285.00*0.00**3~
DTM*472*20251011~
CAS*CO*197*285.00*3~
REF*6R*LNCLM100010101~
AMT*B6*0.00~
LQ*HE*N479~
CLP*CLM1000102*4*200.00*0.00*0.00*MA*PCN928043461*11*1~
CAS*CO*197*200.00*1~
NM1*QC*1*Green*Emily****MI*PLN97353182~
NM1*82*1*Clark*Robert****XX*1000000102~
DTM*232*20251012~
DTM*233*20251012~
SVC*HC:96920:59*200.00*0.00**1~
DTM*472*20251012~
CAS*CO*197*200.00*1~
REF*6R*LNCLM100010200~
AMT*B6*0.00~
LQ*HE*N386~
SE*61*100103~
GE*1*100102~
IEA*1*000100101~