ISA*00*          *00*          *ZZ*87726          *ZZ*1000000902     *260117*2334*^*00501*000100901*0*P*:~
GS*HP*87726*1000000902*20260117*2334*100902*X*005010X221A1~
ST*835*100903*005010X221A1~
BPR*I*0.00*C*ACH*CCP*01*111000025*DA*4567890123*87726**01*026009593*DA*9012345678*20260117~
TRN*1*T000000100900*1776424738~
DTM*405*20260117~
N1*PR*UnitedHealthcare~
N3*497 Washington Ave~
N4*Nashville*TN*37201~
REF*2U*87726~
N1*PE*Lewis Jennifer*XX*1000000902~
N3*7181 Lake Rd~
N4*Seattle*WA*98101~
REF*TJ*476997907~
CLP*CLM1000900*4*540.00*0.00*0.00*12*PCN829542839*11*1~
CAS*PI*185*540.00*1~
NM1*QC*1*Smith*Sharon****MI*INS83683138~
NM1*82*1*Lewis*Jennifer****XX*1000000902~
DTM*232*20251109~
DTM*233*20251109~
SVC*HC:10060:RT*350.00*0.00**2~
DTM*472*20251109~
CAS*PI*185*350.00*2~
REF*6R*LNCLM100090000~
AMT*B6*0.00~
LQ*HE*N479~
SVC*HC:99213:51*190.00*0.00**2~
DTM*472*20251109~
CAS*PI*185*190.00*2~
REF*6R*LNCLM100090001~
AMT*B6*0.00~
LQ*HE*M15~
CLP*CLM1000901*4*325.00*0.00*0.00*12*PCN200559789*11*1~
CAS*OA*109*325.00*1~
NM1*QC*1*Wright*William****MI*GRP30369298~
NM1*82*1*Lewis*Jennifer****XX*1000000902~
DTM*232*20251215~
DTM*233*20251216~
SVC*HC:17110:76*100.00*0.00**1~
DTM*472*20251215~
CAS*OA*109*100.00*1~
REF*6R*LNCLM100090100~
AMT*B6*0.00~
LQ*HE*M15~
SVC*HC:17000:76*225.00*0.00**3~
DTM*472*20251215~
CAS*OA*109*225.00*3~
REF*6R*LNCLM100090101~
AMT*B6*0.00~
LQ*HE*M15~
SE*49*100903~
GE*1*100902~
IEA*1*000100901~