ISA*00*          *00*          *ZZ*60054          *ZZ*1000010202     *260111*2334*^*00501*000060201*0*P*:~
GS*HP*60054*1000010202*20260111*2334*60202*X*005010X221A1~
ST*835*60203*005010X221A1~
BPR*I*0.00*C*ACH*CCP*01*101000019*DA*9012345678*60054**01*111000025*DA*2345678901*20260111~
TRN*1*T000000060200*1287029484~
DTM*405*20260111~
N1*PR*Aetna~
N3*8087 Forest Dr~
N4*Indianapolis*IN*46201~
REF*2U*60054~
N1*PE*Wright Richard*XX*1000010202~
N3*6444 Forest Dr~
N4*Chicago*IL*60601~
REF*TJ*765369562~
CLP*CLM0600200*4*525.00*0.00*0.00*12*PCN501032307*11*1~
CAS*CO*50*525.00*1~
NM1*QC*1*Ramirez*Stephanie****MI*MEM97649394~
NM1*82*1*Wright*Richard****XX*1000010202~
DTM*232*20251109~
DTM*233*20251109~
SVC*HC:77067:26*525.00*0.00**3~
DTM*472*20251109~
CAS*CO*50*525.00*3~
REF*6R*LNCLM060020000~
AMT*B6*0.00~
LQ*HE*N362~
CLP*CLM0600201*4*1300.00*0.00*0.00*12*PCN402914860*11*1~
CAS*CO*50*1300.00*1~
NM1*QC*1*Scott*Laura****MI*PLN40455208~
NM1*82*1*Wright*Richard****XX*1000010202~
DTM*232*20251211~
DTM*233*20251211~
SVC*HC:70553:26*1300.00*0.00**2~
DTM*472*20251211~
CAS*CO*50*1300.00*2~
REF*6R*LNCLM060020100~
AMT*B6*0.00~
LQ*HE*M15~
SE*37*60203~
GE*1*60202~
IEA*1*000060201~