ISA*00*          *00*          *ZZ*62308          *ZZ*1000010402     *251122*2334*^*00501*000060401*0*P*:~
GS*HP*62308*1000010402*20251122*2334*60402*X*005010X221A1~
ST*835*60403*005010X221A1~
BPR*I*0.00*C*ACH*CCP*01*081000032*DA*6789012345*62308**01*122000247*DA*8901234567*20251122~
TRN*1*T000000060400*1265541239~
DTM*405*20251122~
N1*PR*Cigna~
N3*8304 Park Dr~
N4*Jacksonville*FL*32099~
REF*2U*62308~
N1*PE*Lewis Thomas*XX*1000010402~
N3*1049 College Ave~
N4*Dallas*TX*75201~
REF*TJ*218912868~
CLP*CLM0600400*4*700.00*0.00*0.00*12*PCN705804713*11*1~
CAS*CO*27*700.00*1~
NM1*QC*1*Flores*Betty****MI*INS24765795~
NM1*82*1*Lewis*Thomas****XX*1000010402~
DTM*232*20251003~
DTM*233*20251003~
SVC*HC:76830:50*450.00*0.00**2~
DTM*472*20251003~
CAS*CO*27*450.00*2~
REF*6R*LNCLM060040000~
AMT*B6*0.00~
LQ*HE*N362~
SVC*HC:76942:RT*250.00*0.00**2~
DTM*472*20251003~
CAS*CO*27*250.00*2~
REF*6R*LNCLM060040001~
AMT*B6*0.00~
LQ*HE*N95~
CLP*CLM0600401*4*1350.00*0.00*0.00*12*PCN563710010*11*1~
CAS*CO*96*1350.00*1~
NM1*QC*1*Thompson*Carol****MI*INS36436380~
NM1*82*1*Lewis*Thomas****XX*1000010402~
DTM*232*20250826~
DTM*233*20250827~
SVC*HC:74177:LT*950.00*0.00**2~
DTM*472*20250826~
CAS*CO*96*950.00*2~
REF*6R*LNCLM060040100~
AMT*B6*0.00~
LQ*HE*N362~
SVC*HC:74176:LT*400.00*0.00**1~
DTM*472*20250826~
CAS*CO*96*400.00*1~
REF*6R*LNCLM060040101~
AMT*B6*0.00~
LQ*HE*MA130~
CLP*CLM0600402*4*375.00*0.00*0.00*12*PCN515037710*11*1~
CAS*CO*29*375.00*1~
NM1*QC*1*Martinez*Timothy****MI*PLN11186474~
NM1*82*1*Lewis*Thomas****XX*1000010402~
DTM*232*20250905~
DTM*233*20250906~
SVC*HC:76942:76*375.00*0.00**3~
DTM*472*20250905~
CAS*CO*29*375.00*3~
REF*6R*LNCLM060040200~
AMT*B6*0.00~
LQ*HE*M15~
PLB*129341483*20251231*CS*-188.05~
SE*62*60403~
GE*1*60402~
IEA*1*000060401~