ISA*00*          *00*          *ZZ*61101          *ZZ*1000011102     *260208*2334*^*00501*000061101*0*P*:~
GS*HP*61101*1000011102*20260208*2334*61102*X*005010X221A1~
ST*835*61103*005010X221A1~
BPR*I*1075.25*C*ACH*CCP*01*081000032*DA*8901234567*61101**01*081000032*DA*5678901234*20260208~
TRN*1*T000000061100*1951657318~
DTM*405*20260208~
N1*PR*Humana~
N3*7536 Washington Ave~
N4*Seattle*WA*98101~
REF*2U*61101~
N1*PE*Thompson William*XX*1000011102~
N3*6473 Oak Ave~
N4*Austin*TX*73301~
REF*TJ*917612227~
CLP*CLM0601100*4*1500.00*0.00*0.00*13*PCN787646901*11*1~
CAS*CO*16*1500.00*1~
NM1*QC*1*Davis*Timothy****MI*GRP40019435~
NM1*82*1*Thompson*William****XX*1000011102~
DTM*232*20260107~
DTM*233*20260107~
SVC*HC:73221:LT*850.00*0.00**2~
DTM*472*20260107~
CAS*CO*16*850.00*2~
REF*6R*LNCLM060110000~
AMT*B6*0.00~
LQ*HE*N95~
SVC*HC:70553:LT*650.00*0.00**1~
DTM*472*20260107~
CAS*CO*16*650.00*1~
REF*6R*LNCLM060110001~
AMT*B6*0.00~
LQ*HE*N386~
CLP*CLM0601101*4*525.00*0.00*0.00*13*PCN870024860*11*1~
CAS*CO*29*525.00*1~
NM1*QC*1*Ramirez*Ashley****MI*GRP94827553~
NM1*82*1*Thompson*William****XX*1000011102~
DTM*232*20260202~
DTM*233*20260202~
SVC*HC:77067*525.00*0.00**3~
DTM*472*20260202~
CAS*CO*29*525.00*3~
REF*6R*LNCLM060110100~
AMT*B6*0.00~
LQ*HE*N362~
CLP*CLM0601102*1*1725.00*1075.25*289.90*13*PCN114759540*11*1~
CAS*CO*97*359.85*1~
CAS*PR*3*289.90*1~
NM1*QC*1*Lopez*Linda****MI*INS19135546~
NM1*82*1*Thompson*William****XX*1000011102~
DTM*232*20251108~
DTM*233*20251108~
SVC*HC:70553:51*1300.00*789.60**2~
DTM*472*20251108~
CAS*CO*97*260.82*2~
CAS*PR*3*249.58*2~
REF*6R*LNCLM060110200~
AMT*B6*1039.18~
LQ*HE*N479~
SVC*HC:73221:77*425.00*285.65**1~
DTM*472*20251108~
CAS*CO*45*99.03*1~
CAS*PR*3*40.32*1~
REF*6R*LNCLM060110201~
AMT*B6*325.97~
LQ*HE*MA130~
CLP*CLM0601103*4*400.00*0.00*0.00*13*PCN697340305*11*1~
CAS*CO*4*400.00*1~
NM1*QC*1*Davis*Deborah****MI*PLN42534612~
NM1*82*1*Thompson*William****XX*1000011102~
DTM*232*20251213~
DTM*233*20251214~
SVC*HC:74176:26*400.00*0.00**1~
DTM*472*20251213~
CAS*CO*4*400.00*1~
REF*6R*LNCLM060110300~
AMT*B6*0.00~
LQ*HE*M15~
CLP*CLM0601104*4*650.00*0.00*0.00*13*PCN113637159*11*1~
CAS*PI*185*650.00*1~
NM1*QC*1*Torres*Laura****MI*PLN65226515~
NM1*82*1*Thompson*William****XX*1000011102~
DTM*232*20251005~
DTM*233*20251006~
SVC*HC:70553:LT*650.00*0.00**1~
DTM*472*20251005~
CAS*PI*185*650.00*1~
REF*6R*LNCLM060110400~
AMT*B6*0.00~
LQ*HE*N386~
SE*88*61103~
GE*1*61102~
IEA*1*000061101~