ISA*00*          *00*          *ZZ*87726          *ZZ*1000011002     *260130*2334*^*00501*000061001*0*P*:~
GS*HP*87726*1000011002*20260130*2334*61002*X*005010X221A1~
ST*835*61003*005010X221A1~
BPR*I*0.00*C*ACH*CCP*01*074000078*DA*2345678901*87726**01*026009593*DA*6789012345*20260130~
TRN*1*T000000061000*1601587722~
DTM*405*20260130~
N1*PR*UnitedHealthcare~
N3*497 Washington Ave~
N4*Nashville*TN*37201~
REF*2U*87726~
N1*PE*Robinson Laura*XX*1000011002~
N3*5203 Elm Blvd~
N4*Columbus*OH*43085~
REF*TJ*294524585~
CLP*CLM0601000*4*1095.00*0.00*0.00*12*PCN260112118*11*1~
CAS*OA*109*1095.00*1~
NM1*QC*1*Torres*Matthew****MI*GRP67246828~
NM1*82*1*Robinson*Laura****XX*1000011002~
DTM*232*20251110~
DTM*233*20251111~
SVC*HC:71046:77*45.00*0.00**1~
DTM*472*20251110~
CAS*OA*109*45.00*1~
REF*6R*LNCLM060100000~
AMT*B6*0.00~
LQ*HE*N479~
SVC*HC:71250:59*1050.00*0.00**3~
DTM*472*20251110~
CAS*OA*109*1050.00*3~
REF*6R*LNCLM060100001~
AMT*B6*0.00~
LQ*HE*N479~
CLP*CLM0601001*4*1625.00*0.00*0.00*12*PCN284073975*11*1~
CAS*OA*31*1625.00*1~
NM1*QC*1*Garcia*Linda****MI*INS10803248~
NM1*82*1*Robinson*Laura****XX*1000011002~
DTM*232*20260104~
DTM*233*20260105~
SVC*HC:76942:TC*125.00*0.00**1~
DTM*472*20260104~
CAS*OA*31*125.00*1~
REF*6R*LNCLM060100100~
AMT*B6*0.00~
LQ*HE*N95~
SVC*HC:72148:50*1500.00*0.00**3~
DTM*472*20260104~
CAS*OA*31*1500.00*3~
REF*6R*LNCLM060100101~
AMT*B6*0.00~
LQ*HE*N479~
PLB*183135386*20261231*L6*-100.48~
SE*50*61003~
GE*1*61002~
IEA*1*000061001~