ISA*00*          *00*          *ZZ*MDCD           *ZZ*1000010802     *251211*2334*^*00501*000060801*0*P*:~
GS*HP*MDCD*1000010802*20251211*2334*60802*X*005010X221A1~
ST*835*60803*005010X221A1~
BPR*I*0.00*C*ACH*CCP*01*091000019*DA*5678901234*MDCD**01*021202337*DA*7890123456*20251211~
TRN*1*T000000060800*1863245987~
DTM*405*20251211~
N1*PR*Medicaid~
N3*4153 Lake Rd~
N4*Columbus*OH*43085~
REF*2U*MDCD~
N1*PE*Scott Elizabeth*XX*1000010802~
N3*9381 Cedar Ln~
N4*Austin*TX*73301~
REF*TJ*852530086~
CLP*CLM0600800*4*1525.00*0.00*0.00*MC*PCN734737990*11*1~
CAS*CO*167*1525.00*1~
NM1*QC*1*Brown*Paul****MI*PLN93226219~
NM1*82*1*Scott*Elizabeth****XX*1000010802~
DTM*232*20251206~
DTM*233*20251206~
SVC*HC:74177:RT*475.00*0.00**1~
DTM*472*20251206~
CAS*CO*167*475.00*1~
REF*6R*LNCLM060080000~
AMT*B6*0.00~
LQ*HE*MA130~
SVC*HC:77386:TC*1050.00*0.00**3~
DTM*472*20251206~
CAS*CO*167*1050.00*3~
REF*6R*LNCLM060080001~
AMT*B6*0.00~
LQ*HE*N95~
CLP*CLM0600801*4*1725.00*0.00*0.00*MC*PCN974528197*11*1~
CAS*CO*4*1725.00*1~
NM1*QC*1*Martinez*Charles****MI*MEM45999459~
NM1*82*1*Scott*Elizabeth****XX*1000010802~
DTM*232*20251020~
DTM*233*20251021~
SVC*HC:72148*1500.00*0.00**3~
DTM*472*20251020~
CAS*CO*4*1500.00*3~
REF*6R*LNCLM060080100~
AMT*B6*0.00~
LQ*HE*N95~
SVC*HC:76830:RT*225.00*0.00**1~
DTM*472*20251020~
CAS*CO*4*225.00*1~
REF*6R*LNCLM060080101~
AMT*B6*0.00~
LQ*HE*N95~
CLP*CLM0600802*4*925.00*0.00*0.00*MC*PCN113319174*11*1~
CAS*CO*11*925.00*1~
NM1*QC*1*White*Laura****MI*PLN81775371~
NM1*82*1*Scott*Elizabeth****XX*1000010802~
DTM*232*20251205~
DTM*233*20251205~
SVC*HC:76942*250.00*0.00**2~
DTM*472*20251205~
CAS*CO*11*250.00*2~
REF*6R*LNCLM060080200~
AMT*B6*0.00~
LQ*HE*N386~
SVC*HC:76830:25*675.00*0.00**3~
DTM*472*20251205~
CAS*CO*11*675.00*3~
REF*6R*LNCLM060080201~
AMT*B6*0.00~
LQ*HE*N95~
PLB*283462381*20251231*FB*-256.03~
SE*68*60803~
GE*1*60802~
IEA*1*000060801~