ISA*00*          *00*          *ZZ*62308          *ZZ*1000010702     *251229*2334*^*00501*000060701*0*P*:~
GS*HP*62308*1000010702*20251229*2334*60702*X*005010X221A1~
ST*835*60703*005010X221A1~
BPR*I*0.00*C*ACH*CCP*01*074000078*DA*9012345678*62308**01*021000021*DA*1234567890*20251229~
TRN*1*T000000060700*1322256958~
DTM*405*20251229~
N1*PR*Cigna~
N3*8304 Park Dr~
N4*Jacksonville*FL*32099~
REF*2U*62308~
N1*PE*Thompson Patricia*XX*1000010702~
N3*3194 Hill St~
N4*Portland*OR*97201~
REF*TJ*136647173~
CLP*CLM0600700*4*525.00*0.00*0.00*12*PCN129310356*11*1~
CAS*CO*11*525.00*1~
NM1*QC*1*Martinez*Dorothy****MI*PLN21354601~
NM1*82*1*Thompson*Patricia****XX*1000010702~
DTM*232*20251022~
DTM*233*20251023~
SVC*HC:77067:TC*525.00*0.00**3~
DTM*472*20251022~
CAS*CO*11*525.00*3~
REF*6R*LNCLM060070000~
AMT*B6*0.00~
LQ*HE*N386~
CLP*CLM0600701*4*950.00*0.00*0.00*12*PCN538428951*11*1~
CAS*CO*167*950.00*1~
NM1*QC*1*Williams*Kimberly****MI*MEM85974716~
NM1*82*1*Thompson*Patricia****XX*1000010702~
DTM*232*20251120~
DTM*233*20251120~
SVC*HC:73221:59*425.00*0.00**1~
DTM*472*20251120~
CAS*CO*167*425.00*1~
REF*6R*LNCLM060070100~
AMT*B6*0.00~
LQ*HE*N479~
SVC*HC:77067:77*525.00*0.00**3~
DTM*472*20251120~
CAS*CO*167*525.00*3~
REF*6R*LNCLM060070101~
AMT*B6*0.00~
LQ*HE*N95~
PLB*537990298*20251231*FB*-301.58~
SE*44*60703~
GE*1*60702~
IEA*1*000060701~