ISA*00*          *00*          *ZZ*ANTM1          *ZZ*1000010602     *251220*2334*^*00501*000060601*0*P*:~
GS*HP*ANTM1*1000010602*20251220*2334*60602*X*005010X221A1~
ST*835*60603*005010X221A1~
BPR*I*1920.33*C*ACH*CCP*01*111000025*DA*3456789012*ANTM1**01*122000247*DA*1234567890*20251220~
TRN*1*T000000060600*1159197773~
DTM*405*20251220~
N1*PR*Anthem~
N3*5293 College Ave~
N4*Houston*TX*77001~
REF*2U*ANTM1~
N1*PE*Anderson Maria*XX*1000010602~
N3*7874 Lake Rd~
N4*Los Angeles*CA*90001~
REF*TJ*195310509~
CLP*CLM0600600*1*1000.00*577.26*215.85*12*PCN374224527*11*1~
CAS*CO*97*206.89*1~
CAS*PR*3*215.85*1~
NM1*QC*1*Taylor*Jessica****MI*MEM48478995~
NM1*82*1*Anderson*Maria****XX*1000010602~
DTM*232*20251104~
DTM*233*20251104~
SVC*HC:72148:TC*1000.00*577.26**2~
DTM*472*20251104~
CAS*CO*97*206.89*2~
CAS*PR*2*215.85*2~
REF*6R*LNCLM060060000~
AMT*B6*793.11~
LQ*HE*M15~
CLP*CLM0600601*1*450.00*269.09*102.44*12*PCN295324573*11*1~
CAS*CO*97*78.47*1~
CAS*PR*3*102.44*1~
NM1*QC*1*Hill*Timothy****MI*MEM24493769~
NM1*82*1*Anderson*Maria****XX*1000010602~
DTM*232*20251101~
DTM*233*20251102~
SVC*HC:73721:59*450.00*269.09**1~
DTM*472*20251101~
CAS*CO*45*78.47*1~
CAS*PR*1*102.44*1~
REF*6R*LNCLM060060100~
AMT*B6*371.53~
LQ*HE*N479~
CLP*CLM0600602*1*1850.00*1073.98*351.61*12*PCN143777712*11*1~
CAS*CO*45*424.41*1~
CAS*PR*3*351.61*1~
NM1*QC*1*Jackson*Donald****MI*PLN38885721~
NM1*82*1*Anderson*Maria****XX*1000010602~
DTM*232*20251025~
DTM*233*20251025~
SVC*HC:71260*850.00*439.17**2~
DTM*472*20251025~
CAS*CO*97*238.63*2~
CAS*PR*1*172.20*2~
REF*6R*LNCLM060060200~
AMT*B6*611.37~
LQ*HE*N95~
SVC*HC:72148:76*1000.00*634.81**2~
DTM*472*20251025~
CAS*CO*45*185.78*2~
CAS*PR*3*179.41*2~
REF*6R*LNCLM060060201~
AMT*B6*814.22~
LQ*HE*N362~
SE*62*60603~
GE*1*60602~
IEA*1*000060601~