ISA*00*          *00*          *ZZ*ANTM1          *ZZ*1000010302     *260102*2334*^*00501*000060301*0*P*:~
GS*HP*ANTM1*1000010302*20260102*2334*60302*X*005010X221A1~
ST*835*60303*005010X221A1~
BPR*I*0.00*C*ACH*CCP*01*122000247*DA*0123456789*ANTM1**01*101000019*DA*2345678901*20260102~
TRN*1*T000000060300*1609187622~
DTM*405*20260102~
N1*PR*Anthem~
N3*5293 College Ave~
N4*Houston*TX*77001~
REF*2U*ANTM1~
N1*PE*Scott Laura*XX*1000010302~
N3*499 Highland Ave~
N4*Chicago*IL*60601~
REF*TJ*788881249~
CLP*CLM0600300*4*1275.00*0.00*0.00*12*PCN630250215*11*1~
CAS*CO*29*1275.00*1~
NM1*QC*1*Gonzalez*Kimberly****MI*MEM85964924~
NM1*82*1*Scott*Laura****XX*1000010302~
DTM*232*20250919~
DTM*233*20250919~
SVC*HC:73221*1275.00*0.00**3~
DTM*472*20250919~
CAS*CO*29*1275.00*3~
REF*6R*LNCLM060030000~
AMT*B6*0.00~
LQ*HE*M15~
CLP*CLM0600301*4*1350.00*0.00*0.00*12*PCN479743734*11*1~
CAS*CO*27*1350.00*1~
NM1*QC*1*Jackson*Jennifer****MI*INS62232512~
NM1*82*1*Scott*Laura****XX*1000010302~
DTM*232*20250904~
DTM*233*20250905~
SVC*HC:73721:76*1350.00*0.00**3~
DTM*472*20250904~
CAS*CO*27*1350.00*3~
REF*6R*LNCLM060030100~
AMT*B6*0.00~
LQ*HE*N95~
SE*37*60303~
GE*1*60302~
IEA*1*000060301~