ISA*00*          *00*          *ZZ*87726          *ZZ*1000010502     *260213*2334*^*00501*000060501*0*P*:~
GS*HP*87726*1000010502*20260213*2334*60502*X*005010X221A1~
ST*835*60503*005010X221A1~
BPR*I*1063.56*C*ACH*CCP*01*111000025*DA*4567890123*87726**01*111000025*DA*4567890123*20260213~
TRN*1*T000000060500*1965402019~
DTM*405*20260213~
N1*PR*UnitedHealthcare~
N3*497 Washington Ave~
N4*Nashville*TN*37201~
REF*2U*87726~
N1*PE*Clark Sarah*XX*1000010502~
N3*3703 Spring Ln~
N4*Los Angeles*CA*90001~
REF*TJ*611782125~
CLP*CLM0600500*1*350.00*200.43*57.15*12*PCN463867334*11*1~
CAS*CO*45*92.42*1~
CAS*PR*1*57.15*1~
NM1*QC*1*Clark*Thomas****MI*INS53280340~
NM1*82*1*Clark*Sarah****XX*1000010502~
DTM*232*20250928~
DTM*233*20250928~
SVC*HC:77067:77*350.00*200.43**2~
DTM*472*20250928~
CAS*CO*97*92.42*2~
CAS*PR*3*57.15*2~
REF*6R*LNCLM060050000~
AMT*B6*257.58~
LQ*HE*N95~
CLP*CLM0600501*1*1175.00*768.44*145.46*12*PCN708421278*11*1~
CAS*CO*45*261.10*1~
CAS*PR*1*145.46*1~
NM1*QC*1*Gonzalez*Paul****MI*MEM36078265~
NM1*82*1*Clark*Sarah****XX*1000010502~
DTM*232*20251107~
DTM*233*20251108~
SVC*HC:76830:RT*225.00*119.08**1~
DTM*472*20251107~
CAS*CO*97*60.95*1~
CAS*PR*1*44.97*1~
REF*6R*LNCLM060050100~
AMT*B6*164.05~
LQ*HE*N386~
SVC*HC:70551:51*950.00*649.36**2~
DTM*472*20251107~
CAS*CO*45*200.15*2~
CAS*PR*2*100.49*2~
REF*6R*LNCLM060050101~
AMT*B6*749.85~
LQ*HE*N362~
CLP*CLM0600502*1*175.00*94.69*39.88*12*PCN765020088*11*1~
CAS*CO*97*40.43*1~
CAS*PR*3*39.88*1~
NM1*QC*1*Scott*Jacob****MI*PLN75767890~
NM1*82*1*Clark*Sarah****XX*1000010502~
DTM*232*20251223~
DTM*233*20251224~
SVC*HC:77014:59*175.00*94.69**1~
DTM*472*20251223~
CAS*CO*97*40.43*1~
CAS*PR*3*39.88*1~
REF*6R*LNCLM060050200~
AMT*B6*134.57~
LQ*HE*N95~
SE*62*60503~
GE*1*60502~
IEA*1*000060501~