ISA*00*          *00*          *ZZ*87726          *ZZ*1000010102     *251204*2334*^*00501*000060101*0*P*:~
GS*HP*87726*1000010102*20251204*2334*60102*X*005010X221A1~
ST*835*60103*005010X221A1~
BPR*I*0.00*C*ACH*CCP*01*074000078*DA*0123456789*87726**01*101000019*DA*8901234567*20251204~
TRN*1*T000000060100*1495458807~
DTM*405*20251204~
N1*PR*UnitedHealthcare~
N3*497 Washington Ave~
N4*Nashville*TN*37201~
REF*2U*87726~
N1*PE*Robinson Sarah*XX*1000010102~
N3*8152 Spring Ln~
N4*Columbus*OH*43085~
REF*TJ*223620799~
CLP*CLM0600100*4*975.00*0.00*0.00*12*PCN208291189*11*1~
CAS*CO*197*975.00*1~
NM1*QC*1*Scott*Melissa****MI*MEM25353152~
NM1*82*1*Robinson*Sarah****XX*1000010102~
DTM*232*20251022~
DTM*233*20251023~
SVC*HC:73721:50*450.00*0.00**1~
DTM*472*20251022~
CAS*CO*197*450.00*1~
REF*6R*LNCLM060010000~
AMT*B6*0.00~
LQ*HE*N362~
SVC*HC:77014:50*525.00*0.00**3~
DTM*472*20251022~
CAS*CO*197*525.00*3~
REF*6R*LNCLM060010001~
AMT*B6*0.00~
LQ*HE*N362~
CLP*CLM0600101*4*1275.00*0.00*0.00*12*PCN702340403*11*1~
CAS*CO*197*1275.00*1~
NM1*QC*1*Lewis*Emily****MI*PLN73431427~
NM1*82*1*Robinson*Sarah****XX*1000010102~
DTM*232*20251015~
DTM*233*20251015~
SVC*HC:71260*1275.00*0.00**3~
DTM*472*20251015~
CAS*CO*197*1275.00*3~
REF*6R*LNCLM060010100~
AMT*B6*0.00~
LQ*HE*N95~
SE*43*60103~
GE*1*60102~
IEA*1*000060101~