ISA*00*          *00*          *ZZ*87726          *ZZ*1000010902     *260115*2334*^*00501*000060901*0*P*:~
GS*HP*87726*1000010902*20260115*2334*60902*X*005010X221A1~
ST*835*60903*005010X221A1~
BPR*I*0.00*C*ACH*CCP*01*026009593*DA*6789012345*87726**01*122000247*DA*2345678901*20260115~
TRN*1*T000000060900*1858249064~
DTM*405*20260115~
N1*PR*UnitedHealthcare~
N3*497 Washington Ave~
N4*Nashville*TN*37201~
REF*2U*87726~
N1*PE*Hall Christine*XX*1000010902~
N3*3861 Pine St~
N4*San Antonio*TX*78201~
REF*TJ*956602430~
CLP*CLM0600900*4*950.00*0.00*0.00*12*PCN237999525*11*1~
CAS*PI*185*950.00*1~
NM1*QC*1*Garcia*Emily****MI*GRP12126078~
NM1*82*1*Hall*Christine****XX*1000010902~
DTM*232*20251216~
DTM*233*20251217~
SVC*HC:70551*950.00*0.00**2~
DTM*472*20251216~
CAS*PI*185*950.00*2~
REF*6R*LNCLM060090000~
AMT*B6*0.00~
LQ*HE*MA130~
CLP*CLM0600901*4*1275.00*0.00*0.00*12*PCN379650100*11*1~
CAS*OA*109*1275.00*1~
NM1*QC*1*Nguyen*Daniel****MI*PLN68019140~
NM1*82*1*Hall*Christine****XX*1000010902~
DTM*232*20251127~
DTM*233*20251127~
SVC*HC:73221:26*1275.00*0.00**3~
DTM*472*20251127~
CAS*OA*109*1275.00*3~
REF*6R*LNCLM060090100~
AMT*B6*0.00~
LQ*HE*N386~
CLP*CLM0600902*4*1750.00*0.00*0.00*12*PCN545063067*11*1~
CAS*OA*31*1750.00*1~
NM1*QC*1*Robinson*Elizabeth****MI*INS86153757~
NM1*82*1*Hall*Christine****XX*1000010902~
DTM*232*20251105~
DTM*233*20251106~
SVC*HC:70551:LT*950.00*0.00**2~
DTM*472*20251105~
CAS*OA*31*950.00*2~
REF*6R*LNCLM060090200~
AMT*B6*0.00~
LQ*HE*N95~
SVC*HC:74176*800.00*0.00**2~
DTM*472*20251105~
CAS*OA*31*800.00*2~
REF*6R*LNCLM060090201~
AMT*B6*0.00~
LQ*HE*M15~
SE*55*60903~
GE*1*60902~
IEA*1*000060901~