ISA*00*          *00*          *ZZ*99726          *ZZ*1000010002     *260111*2334*^*00501*000060001*0*P*:~
GS*HP*99726*1000010002*20260111*2334*60002*X*005010X221A1~
ST*835*60003*005010X221A1~
BPR*I*0.00*C*ACH*CCP*01*111000025*DA*0123456789*99726**01*026009593*DA*1234567890*20260111~
TRN*1*T000000060000*1542299937~
DTM*405*20260111~
N1*PR*Tricare~
N3*3978 Market St~
N4*Houston*TX*77001~
REF*2U*99726~
N1*PE*Chen Daniel*XX*1000010002~
N3*746 Forest Dr~
N4*Philadelphia*PA*19101~
REF*TJ*612798211~
CLP*CLM0600000*4*525.00*0.00*0.00*15*PCN989402479*11*1~
CAS*CO*16*525.00*1~
NM1*QC*1*Rodriguez*Donna****MI*INS58750559~
NM1*82*1*Chen*Daniel****XX*1000010002~
DTM*232*20251229~
DTM*233*20251230~
SVC*HC:77014:25*525.00*0.00**3~
DTM*472*20251229~
CAS*CO*16*525.00*3~
REF*6R*LNCLM060000000~
AMT*B6*0.00~
LQ*HE*N95~
CLP*CLM0600001*4*500.00*0.00*0.00*15*PCN465625982*11*1~
CAS*CO*16*500.00*1~
NM1*QC*1*Martin*Robert****MI*GRP23959207~
NM1*82*1*Chen*Daniel****XX*1000010002~
DTM*232*20250902~
DTM*233*20250902~
SVC*HC:72148:51*500.00*0.00**1~
DTM*472*20250902~
CAS*CO*16*500.00*1~
REF*6R*LNCLM060000100~
AMT*B6*0.00~
LQ*HE*N95~
SE*37*60003~
GE*1*60002~
IEA*1*000060001~